Account Name       :                	SMITAS KITCHEN
Address            :	C 1501 AADINATH AVENUE , NUSRING LANE MALAD , WEST MUMBAI SUBURBAN , Mumbai
                                    	MUMBAI
                                    	MAHARASHTRA-400064
                                    	India
Date               :                	22 Jul 2024
Account Number     :	_00000041994163399
Account Description:	CA-REGULAR-PUB-OTH-ALL-INR
Branch             :	SHANKAR GALLI
Drawing Power      :	0.00
Interest Rate(% p.a.):	0.0
MOD Balance      :	0.00
CIF No.          :	_91221453703
IFS Code         :	SBIN0008232
MICR Code        :	_400002100
Balance on 1 Apr 2023        :	0.00
Start Date          :	1 Apr 2023
End Date            :	31 Mar 2024

 The number of transactions in this statement  exceeds 299 entries. You can view the remaining transactions in the Pending Statement link using this Request ID: 4722M5902049070.
Txn Date	Value Date	Description	Ref No./Cheque No.	Branch Code	        Debit	Credit	Balance	
12 Jun 2023	12 Jun 2023	CHEQUE DEPOSIT---192588	TRANSFER TO 37971579191                           Mrs. SMITA  KAMDAR / 192588	8232	 	5,000.00	5,000.00
3 Jul 2023	3 Jul 2023	   CASH WITHDRAWAL-CASH Withdrawn at GCC--	 / 	8232	1,000.00	 	4,000.00
3 Jul 2023	3 Jul 2023	   BY TRANSFER-UPI/CR/318447501153/SMITA KA/SBIN/smitakam12/UPI--	TRANSFER FROM 4897732162091 / 	8232	 	1,000.00	5,000.00
3 Jul 2023	3 Jul 2023	   BY TRANSFER-UPI/CR/355070877817/TANIL RA/BARB/preetidosh/Tiffi--	TRANSFER FROM 4897732162091 / 	8232	 	700.00	5,700.00
3 Jul 2023	3 Jul 2023	   TO TRANSFER-UPI/DR/355020785914/SMITA  K/SBIN/smitakam12/UPI--	TRANSFER TO 4897690162095 / 	8232	1,000.00	 	4,700.00
4 Jul 2023	4 Jul 2023	   BY TRANSFER-UPI/CR/318528900913/NARENDRA/PUNB/bapucablev/for t--	TRANSFER FROM 4897733162090 / 	8232	 	300.00	5,000.00
4 Jul 2023	4 Jul 2023	   TO TRANSFER-UPI/DR/318512243989/TADKANAT/PYTM/paytmqrrcw/UPI--	TRANSFER TO 4897691162095 / 	8232	31.00	 	4,969.00
4 Jul 2023	4 Jul 2023	   BY TRANSFER-UPI/CR/318547579953/HETA PAR/PUNB/patelheta0/UPI--	TRANSFER FROM 4897733162090 / 	8232	 	705.00	5,674.00
5 Jul 2023	5 Jul 2023	   TO TRANSFER-UPI/DR/318644849277/PaytmUser/BARB/9821243093/UPI--	TRANSFER TO 4897692162094 / 	8232	200.00	 	5,474.00
5 Jul 2023	5 Jul 2023	BY CLEARING / CHEQUE-PNB   400024057-384678 400002100--384678	 / 384678	5076	 	6,750.00	12,224.00
5 Jul 2023	5 Jul 2023	   TO TRANSFER-UPI/DR/318646874519/Getepay/ICIC/getepay.ss/UPI--	TRANSFER TO 4897692162094 / 	8232	45.00	 	12,179.00
5 Jul 2023	5 Jul 2023	   TO TRANSFER-UPI/DR/318692147399/SURYA AG/PYTM/paytm-7017/UPI--	TRANSFER TO 4897692162094 / 	8232	1,050.00	 	11,129.00
6 Jul 2023	6 Jul 2023	   by debit card-OTHPG 318712222958DUNZO DIGITAL PRIVATE 0001243054--	 / 	4292	46.00	 	11,083.00
7 Jul 2023	7 Jul 2023	   TO TRANSFER-UPI/DR/318809005134/Nav Jant/YESB/q137929535/UPI--	TRANSFER TO 4897694162092 / 	8232	6,900.00	 	4,183.00
7 Jul 2023	7 Jul 2023	   TO TRANSFER-UPI/DR/318811689281/Dmart/ICIC/dmartindia/UPI--	TRANSFER TO 4897694162092 / 	8232	1,766.00	 	2,417.00
7 Jul 2023	7 Jul 2023	   by debit card-OTHPG 318813586497DUNZO DIGITAL PRIVATE 0001243054--	 / 	4292	46.00	 	2,371.00
8 Jul 2023	8 Jul 2023	   BY TRANSFER-UPI/CR/318931548545/SHASHANK/KKBK/sjshinde.s/UPI--	TRANSFER FROM 4897737162096 / 	8232	 	481.00	2,852.00
8 Jul 2023	8 Jul 2023	   BY TRANSFER-UPI/CR/318942429951/KNELLER /HDFC/contact-fi/Thank--	TRANSFER FROM 4897737162096 / 	8232	 	500.00	3,352.00
8 Jul 2023	8 Jul 2023	   TO TRANSFER-UPI/DR/318941124832/SUDAMI D/UBIN/q009974821/UPI--	TRANSFER TO 4897695162091 / 	8232	170.00	 	3,182.00
8 Jul 2023	8 Jul 2023	   TO TRANSFER-UPI/DR/318941281842/NAV JANT/UTIB/9820473690/UPI--	TRANSFER TO 4897695162091 / 	8232	118.00	 	3,064.00
9 Jul 2023	9 Jul 2023	   TO TRANSFER-UPI/DR/319091489523/AKHILESH/PYTM/paytmqr281/UPI--	TRANSFER TO 4897696162090 / 	8232	260.00	 	2,804.00
9 Jul 2023	9 Jul 2023	   TO TRANSFER-UPI/DR/319091647269/NAV JANT/UTIB/9820473690/UPI--	TRANSFER TO 4897696162090 / 	8232	51.00	 	2,753.00
9 Jul 2023	9 Jul 2023	   TO TRANSFER-UPI/DR/319091807549/SUDAMI D/UBIN/q009974821/UPI--	TRANSFER TO 4897696162090 / 	8232	100.00	 	2,653.00
10 Jul 2023	10 Jul 2023	   TO TRANSFER-UPI/DR/319125740133/KISHOR L/IOBA/rathodkish/UPI--	TRANSFER TO 4897690162095 / 	8232	1,570.00	 	1,083.00
10 Jul 2023	10 Jul 2023	   BY TRANSFER-UPI/CR/319120090198/GOOGLEPAY/UTIB/goog-payme/UPI--	TRANSFER FROM 4897732162091 / 	8232	 	10.00	1,093.00
10 Jul 2023	10 Jul 2023	   BY TRANSFER-UPI/CR/355739526932/DIVYESH /BARB/divumehta@/lunch--	TRANSFER FROM 4897732162091 / 	8232	 	190.00	1,283.00
11 Jul 2023	11 Jul 2023	   BY TRANSFER-UPI/CR/319251768510/SMITA  K/SBIN/smitakam12/UPI--	TRANSFER FROM 4897733162090 / 	8232	 	10,000.00	11,283.00
11 Jul 2023	11 Jul 2023	   BY TRANSFER-UPI/CR/355818013682/HEMAL KA/HDFC/9867579377/FOOD--	TRANSFER FROM 4897733162090 / 	8232	 	240.00	11,523.00
11 Jul 2023	11 Jul 2023	   BY TRANSFER-UPI/CR/319269550564/DIVYESH /BARB/divumehta@/Tiffi--	TRANSFER FROM 4897733162090 / 	8232	 	190.00	11,713.00
11 Jul 2023	11 Jul 2023	   TO TRANSFER-UPI/DR/319269605369/RAJESH M/PYTM/paytmqr281/UPI--	TRANSFER TO 4897691162095 / 	8232	50.00	 	11,663.00
12 Jul 2023	12 Jul 2023	   TO TRANSFER-UPI/DR/355924879635/SMART TA10/PYTM/paytm-7324/UPI--	TRANSFER TO 4897692162094 / 	8232	647.91	 	11,015.09
12 Jul 2023	12 Jul 2023	   TO TRANSFER-UPI/DR/319390380463/NILESH P/BARB/nileshpanc/UPI--	TRANSFER TO 4897692162094 / 	8232	300.00	 	10,715.09
12 Jul 2023	12 Jul 2023	   BY TRANSFER-UPI/CR/319388005387/BHAVESH /UBIN/deliwalabh/For T--	TRANSFER FROM 4897734162099 / 	8232	 	190.00	10,905.09
12 Jul 2023	12 Jul 2023	   BY TRANSFER-UPI/CR/319347092475/DIVYESH /BARB/divumehta@/tiffi--	TRANSFER FROM 4897734162099 / 	8232	 	190.00	11,095.09
13 Jul 2023	13 Jul 2023	   BY TRANSFER-UPI/CR/356066818589/DIVYESH /BARB/divumehta@/tiffi--	TRANSFER FROM 4897735162098 / 	8232	 	190.00	11,285.09
13 Jul 2023	13 Jul 2023	   BY TRANSFER-UPI/CR/319440447793/BHAVESH /UBIN/deliwalabh/Tiffi--	TRANSFER FROM 4897735162098 / 	8232	 	190.00	11,475.09
14 Jul 2023	14 Jul 2023	   TO TRANSFER-UPI/DR/319561406176/Brijesh /UTIB/gpay-11227/UPI--	TRANSFER TO 4897694162092 / 	8232	128.00	 	11,347.09
14 Jul 2023	14 Jul 2023	   TO TRANSFER-UPI/DR/319568585450/Mahavir /UTIB/gpay-11183/UPI--	TRANSFER TO 4897694162092 / 	8232	990.00	 	10,357.09
14 Jul 2023	14 Jul 2023	   BY TRANSFER-UPI/CR/319561415889/BHAVESH /UBIN/deliwalabh/Tiffi--	TRANSFER FROM 4897736162097 / 	8232	 	190.00	10,547.09
14 Jul 2023	14 Jul 2023	   BY TRANSFER-UPI/CR/319512349774/VIRAL AJ/PUNB/dalalviral/UPI--	TRANSFER FROM 4897736162097 / 	8232	 	190.00	10,737.09
14 Jul 2023	14 Jul 2023	   BY TRANSFER-UPI/CR/356192455482/DIVYESH /BARB/divumehta@/tiffi--	TRANSFER FROM 4897736162097 / 	8232	 	90.00	10,827.09
14 Jul 2023	14 Jul 2023	   BY TRANSFER-UPI/CR/319575321382/VIPUL KI/BARB/vipulkdosh/Tiffi--	TRANSFER FROM 4897736162097 / 	8232	 	1,180.00	12,007.09
15 Jul 2023	15 Jul 2023	   TO TRANSFER-UPI/DR/319695231726/MANOJ GO/BKID/mprajapati/UPI--	TRANSFER TO 4897695162091 / 	8232	815.00	 	11,192.09
15 Jul 2023	15 Jul 2023	   BY TRANSFER-UPI/CR/319633124958/NEHA RAM/HDFC/bavisi.neh/Neha--	TRANSFER FROM 4897737162096 / 	8232	 	160.00	11,352.09
15 Jul 2023	15 Jul 2023	   BY TRANSFER-UPI/CR/319690487577/BHAVESH /UBIN/deliwalabh/Tiffi--	TRANSFER FROM 4897737162096 / 	8232	 	190.00	11,542.09
15 Jul 2023	15 Jul 2023	   BY TRANSFER-UPI/CR/356278778302/DIVYESH /BARB/divumehta@/Tiffi--	TRANSFER FROM 4897737162096 / 	8232	 	90.00	11,632.09
16 Jul 2023	16 Jul 2023	   BY TRANSFER-UPI/CR/319752740559/RAJESH S/HDFC/rsshah1957/UPI--	TRANSFER FROM 4897738162095 / 	8232	 	332.00	11,964.09
16 Jul 2023	16 Jul 2023	   TO TRANSFER-UPI/DR/319746721838/88791513/CNRB/8879151387/UPI--	TRANSFER TO 4897696162090 / 	8232	156.00	 	11,808.09
16 Jul 2023	16 Jul 2023	   BY TRANSFER-UPI/CR/319731192367/UDAY MOH/BARB/uday.techm/UPI--	TRANSFER FROM 4897738162095 / 	8232	 	610.00	12,418.09
16 Jul 2023	16 Jul 2023	   BY TRANSFER-UPI/CR/319733475448/BHAVESH /UBIN/deliwalabh/Tiffi--	TRANSFER FROM 4897738162095 / 	8232	 	380.00	12,798.09
16 Jul 2023	16 Jul 2023	   BY TRANSFER-UPI/CR/319763766484/NEHA RAM/HDFC/bavisi.neh/Neha--	TRANSFER FROM 4897738162095 / 	8232	 	160.00	12,958.09
17 Jul 2023	17 Jul 2023	   TO TRANSFER-UPI/DR/319832139122/UMESH GO/PUNB/ugupta9930/Dhira--	TRANSFER TO 4897690162095 / 	8232	3,655.00	 	9,303.09
17 Jul 2023	17 Jul 2023	   BY TRANSFER-UPI/CR/319867180565/BHAVESH /UBIN/deliwalabh/Tiffi--	TRANSFER FROM 4897732162091 / 	8232	 	190.00	9,493.09
17 Jul 2023	17 Jul 2023	   BY TRANSFER-UPI/CR/319886943138/NEHA RAM/HDFC/bavisi.neh/Neha--	TRANSFER FROM 4897732162091 / 	8232	 	160.00	9,653.09
17 Jul 2023	17 Jul 2023	   TO TRANSFER-UPI/DR/319835353731/Mr Brije/YESB/q450505058/UPI--	TRANSFER TO 4897690162095 / 	8232	100.00	 	9,553.09
17 Jul 2023	17 Jul 2023	   TO TRANSFER-UPI/DR/319838363867/F3 CORPO/HDFC/f3corporat/UPI--	TRANSFER TO 4897690162095 / 	8232	145.00	 	9,408.09
17 Jul 2023	17 Jul 2023	   BY TRANSFER-UPI/CR/319877052448/SHASHANK/KKBK/sjshinde.s/16th--	TRANSFER FROM 4897732162091 / 	8232	 	705.00	10,113.09
17 Jul 2023	17 Jul 2023	   TO TRANSFER-UPI/DR/319846271849/AKHILESH/PYTM/paytmqr281/UPI--	TRANSFER TO 4897690162095 / 	8232	200.00	 	9,913.09
17 Jul 2023	17 Jul 2023	   TO TRANSFER-UPI/DR/319853397390/Kamla me/PYTM/paytmqr281/UPI--	TRANSFER TO 4897690162095 / 	8232	90.00	 	9,823.09
18 Jul 2023	18 Jul 2023	   BY TRANSFER-UPI/CR/319998778421/BHAVESH /UBIN/deliwalabh/Tiffi--	TRANSFER FROM 4897733162090 / 	8232	 	190.00	10,013.09
18 Jul 2023	18 Jul 2023	   TO TRANSFER-UPI/DR/319965156303/KISHOR L/IOBA/rathodkish/UPI--	TRANSFER TO 4897691162095 / 	8232	1,450.00	 	8,563.09
18 Jul 2023	18 Jul 2023	   TO TRANSFER-UPI/DR/319967729311/GANESH S/CNRB/2496424390/Pay t--	TRANSFER TO 4897691162095 / 	8232	162.00	 	8,401.09
18 Jul 2023	18 Jul 2023	   BY TRANSFER-UPI/CR/319928970943/NEHA RAM/HDFC/bavisi.neh/Neha--	TRANSFER FROM 4897733162090 / 	8232	 	160.00	8,561.09
19 Jul 2023	19 Jul 2023	   BY TRANSFER-UPI/CR/320040809631/BHAVESH /UBIN/deliwalabh/Tiffi--	TRANSFER FROM 4897734162099 / 	8232	 	190.00	8,751.09
19 Jul 2023	19 Jul 2023	   TO TRANSFER-UPI/DR/320000862563/GANESH S/CNRB/2496424390/Pay t--	TRANSFER TO 4897692162094 / 	8232	162.00	 	8,589.09
19 Jul 2023	19 Jul 2023	   TO TRANSFER-UPI/DR/320009495751/ANUJA KU/HDFC/anujabhavs/kharv--	TRANSFER TO 4897692162094 / 	8232	300.00	 	8,289.09
19 Jul 2023	19 Jul 2023	   TO TRANSFER-UPI/DR/320018444092/Sanjay B/UTIB/gpay-11230/UPI--	TRANSFER TO 4897692162094 / 	8232	23.00	 	8,266.09
20 Jul 2023	20 Jul 2023	   TO TRANSFER-UPI/DR/320136885352/Kumar en/PYTM/paytmqr281/UPI--	TRANSFER TO 4897693162093 / 	8232	3,000.00	 	5,266.09
20 Jul 2023	20 Jul 2023	   TO TRANSFER-UPI/DR/320137207701/Nansingh/UTIB/gpay-11201/UPI--	TRANSFER TO 4897693162093 / 	8232	140.00	 	5,126.09
20 Jul 2023	20 Jul 2023	   BY TRANSFER-UPI/CR/320181475191/BHAVESH /UBIN/deliwalabh/Tiffi--	TRANSFER FROM 4897735162098 / 	8232	 	290.00	5,416.09
20 Jul 2023	20 Jul 2023	   BY TRANSFER-UPI/CR/320170269668/NEHA RAM/HDFC/bavisi.neh/Neha--	TRANSFER FROM 4897735162098 / 	8232	 	160.00	5,576.09
20 Jul 2023	20 Jul 2023	   TO TRANSFER-UPI/DR/320167279014/Bablu Na/YESB/q579451324/UPI--	TRANSFER TO 4897693162093 / 	8232	23.00	 	5,553.09
20 Jul 2023	20 Jul 2023	   TO TRANSFER-UPI/DR/320153731749/SUDAMI D/UBIN/q009974821/UPI--	TRANSFER TO 4897693162093 / 	8232	200.00	 	5,353.09
20 Jul 2023	20 Jul 2023	   BY TRANSFER-UPI/CR/356747014180/SMART TA10/PYTM/paytm-7324/exp--	TRANSFER FROM 4897736162097 / 	8232	 	647.91	6,001.00
21 Jul 2023	21 Jul 2023	   TO TRANSFER-UPI/DR/320228094780/SUDAMI D/UBIN/q009974821/UPI--	TRANSFER TO 4897694162092 / 	8232	220.00	 	5,781.00
21 Jul 2023	21 Jul 2023	   TO TRANSFER-UPI/DR/320206396481/RAJESH M/PYTM/paytmqr281/UPI--	TRANSFER TO 4897694162092 / 	8232	84.00	 	5,697.00
21 Jul 2023	21 Jul 2023	   BY TRANSFER-UPI/CR/320292298704/NEHAL JU/PYTM/vasa.nehal/tifin--	TRANSFER FROM 4897736162097 / 	8232	 	590.00	6,287.00
21 Jul 2023	21 Jul 2023	   TO TRANSFER-INB TATA_POWER Payments--	YSBI2004168340CHN1976811               TRANSFER TO 3199606162092 / 	99922	2,292.00	 	3,995.00
21 Jul 2023	21 Jul 2023	   TO TRANSFER-UPI/DR/320288653585/GANESH S/CNRB/2496424390/Pay t--	TRANSFER TO 4897694162092 / 	8232	108.00	 	3,887.00
22 Jul 2023	22 Jul 2023	   BY TRANSFER-UPI/CR/320208141205/NEHA RAM/HDFC/bavisi.neh/Neha--	TRANSFER FROM 4897736162097 / 	8232	 	160.00	4,047.00
22 Jul 2023	22 Jul 2023	   BY TRANSFER-UPI/CR/320353100995/BHAVESH /UBIN/deliwalabh/Tiffi--	TRANSFER FROM 4897737162096 / 	8232	 	190.00	4,237.00
22 Jul 2023	22 Jul 2023	   BY TRANSFER-UPI/CR/320331671847/NEHA RAM/HDFC/bavisi.neh/Neha--	TRANSFER FROM 4897737162096 / 	8232	 	160.00	4,397.00
23 Jul 2023	23 Jul 2023	   TO TRANSFER-UPI/DR/320440288074/NATHU LA/PYTM/paytmqr281/UPI--	TRANSFER TO 4897696162090 / 	8232	160.00	 	4,237.00
23 Jul 2023	23 Jul 2023	   TO TRANSFER-UPI/DR/320440398686/GANESH S/CNRB/2496424390/Pay t--	TRANSFER TO 4897696162090 / 	8232	239.00	 	3,998.00
23 Jul 2023	23 Jul 2023	   BY TRANSFER-UPI/CR/357011860434/BHAVESH /ICIC/bhaveshvad/UPI--	TRANSFER FROM 4897738162095 / 	8232	 	400.00	4,398.00
23 Jul 2023	23 Jul 2023	   BY TRANSFER-UPI/CR/320493744614/BHAVESH /UBIN/deliwalabh/Tiffi--	TRANSFER FROM 4897738162095 / 	8232	 	597.00	4,995.00
24 Jul 2023	24 Jul 2023	   BY TRANSFER-INB IMPS320517556943/9892265101/XX3316/Restaurant--	MAD000345858942          MAD000345858942          TRANSFER FROM 4897959162093 / 	99922	 	751.00	5,746.00
24 Jul 2023	24 Jul 2023	   TO TRANSFER-UPI/DR/320586387008/KISHOR L/IOBA/rathodkish/UPI--	TRANSFER TO 4897690162095 / 	8232	1,160.00	 	4,586.00
24 Jul 2023	24 Jul 2023	   TO TRANSFER-INB--	1990251849CHN2211697               TRANSFER TO 4899880162094 / 	99922	3,882.26	 	703.74
24 Jul 2023	24 Jul 2023	   BY TRANSFER-UPI/CR/320581736418/NEHA RAM/HDFC/bavisi.neh/UPI--	TRANSFER FROM 4897732162091 / 	8232	 	480.00	1,183.74
25 Jul 2023	25 Jul 2023	   BY TRANSFER-UPI/CR/320642772179/BHAVESH /UBIN/deliwalabh/Tiffi--	TRANSFER FROM 4897733162090 / 	8232	 	190.00	1,373.74
25 Jul 2023	25 Jul 2023	   BY TRANSFER-UPI/CR/320671232084/UDAY MOH/BARB/uday.techm/UPI--	TRANSFER FROM 4897733162090 / 	8232	 	1,200.00	2,573.74
26 Jul 2023	26 Jul 2023	   TO TRANSFER-UPI/DR/320749723556/LACHHAND/BKID/lachhandha/relia--	TRANSFER TO 4897692162094 / 	8232	647.91	 	1,925.83
26 Jul 2023	26 Jul 2023	   BY TRANSFER-UPI/CR/320788594488/BHAVESH /UBIN/deliwalabh/Tiffi--	TRANSFER FROM 4897734162099 / 	8232	 	190.00	2,115.83
27 Jul 2023	27 Jul 2023	   BY TRANSFER-UPI/CR/320824662602/BHAVESH /UBIN/deliwalabh/Tiffi--	TRANSFER FROM 4897735162098 / 	8232	 	190.00	2,305.83
27 Jul 2023	27 Jul 2023	   TO TRANSFER-UPI/DR/320841791224/RAJESH M/PYTM/paytmqr281/UPI--	TRANSFER TO 4897693162093 / 	8232	295.00	 	2,010.83
28 Jul 2023	28 Jul 2023	   TO TRANSFER-UPI/DR/320908268564/GANESH S/CNRB/2496424390/Pay t--	TRANSFER TO 4897694162092 / 	8232	393.00	 	1,617.83
28 Jul 2023	28 Jul 2023	   BY TRANSFER-UPI/CR/320959967314/BHAVESH /UBIN/deliwalabh/Tiffi--	TRANSFER FROM 4897736162097 / 	8232	 	190.00	1,807.83
29 Jul 2023	29 Jul 2023	   by debit card-OTHPG 321013811962DUNZO DIGITAL PRIVATE 0001243054--	 / 	4292	57.00	 	1,750.83
29 Jul 2023	29 Jul 2023	   BY TRANSFER-UPI/CR/321014635274/DEVANG J/HDFC/devoomix@o/Devan--	TRANSFER FROM 4897737162096 / 	8232	 	400.00	2,150.83
29 Jul 2023	29 Jul 2023	   BY TRANSFER-UPI/CR/321017406686/NEHA RAM/HDFC/bavisi.neh/UPI--	TRANSFER FROM 4897738162095 / 	8232	 	480.00	2,630.83
30 Jul 2023	30 Jul 2023	   BY TRANSFER-UPI/CR/321128535444/UDAY MOH/BARB/uday.techm/Balan--	TRANSFER FROM 4897738162095 / 	8232	 	1,200.00	3,830.83
30 Jul 2023	30 Jul 2023	   TO TRANSFER-UPI/DR/321171364978/GANESH S/CNRB/2496424390/Pay t--	TRANSFER TO 4897696162090 / 	8232	395.00	 	3,435.83
30 Jul 2023	30 Jul 2023	   BY TRANSFER-UPI/CR/321142577275/BHAVESH /UBIN/deliwalabh/Tiffi--	TRANSFER FROM 4897738162095 / 	8232	 	380.00	3,815.83
30 Jul 2023	30 Jul 2023	   BY TRANSFER-UPI/CR/321143813122/BHAVESH /UBIN/deliwalabh/Tiffi--	TRANSFER FROM 4897738162095 / 	8232	 	190.00	4,005.83
30 Jul 2023	30 Jul 2023	   BY TRANSFER-UPI/CR/321133550029/LATA SUN/KKBK/mrsbathija/UPI--	TRANSFER FROM 4897738162095 / 	8232	 	795.00	4,800.83
30 Jul 2023	30 Jul 2023	   BY TRANSFER-UPI/CR/321184144297/SMITA  K/SBIN/smitakam12/UPI--	TRANSFER FROM 4897738162095 / 	8232	 	3,000.00	7,800.83
30 Jul 2023	30 Jul 2023	   TO TRANSFER-UPI/DR/321185467963/UMESH GO/PUNB/ugupta9930/Dhira--	TRANSFER TO 4897696162090 / 	8232	5,000.00	 	2,800.83
30 Jul 2023	30 Jul 2023	   BY TRANSFER-INB IMPS321120181559/9892265101/XX3316/Restaurant--	MAD000349290631          MAD000349290631          TRANSFER FROM 4597962162096 / 	99922	 	260.00	3,060.83
31 Jul 2023	31 Jul 2023	   BY TRANSFER-UPI/CR/321280204389/BHAVESH /UBIN/deliwalabh/Tiffi--	TRANSFER FROM 4897732162091 / 	8232	 	150.00	3,210.83
31 Jul 2023	31 Jul 2023	   BY TRANSFER-UPI/CR/321288326603/DIVYESH /BARB/divumehta@/tiffi--	TRANSFER FROM 4897732162091 / 	8232	 	190.00	3,400.83
1 Aug 2023	1 Aug 2023	   TO TRANSFER-UPI/DR/321339347034/Swiggy/ICIC/swiggystor/UPI--	TRANSFER TO 4897691162095 / 	8232	55.00	 	3,345.83
1 Aug 2023	1 Aug 2023	   BY TRANSFER-UPI/CR/321344542004/DIVYESH /BARB/divumehta@/tiffi--	TRANSFER FROM 4897733162090 / 	8232	 	445.00	3,790.83
1 Aug 2023	1 Aug 2023	   BY TRANSFER-UPI/CR/321325758297/BHAVESH /UBIN/deliwalabh/Tiffi--	TRANSFER FROM 4897733162090 / 	8232	 	190.00	3,980.83
1 Aug 2023	1 Aug 2023	   TO TRANSFER-UPI/DR/357983061094/24964243/CNRB/2496424390/Pay t--	TRANSFER TO 4897691162095 / 	8232	422.00	 	3,558.83
1 Aug 2023	1 Aug 2023	   TO TRANSFER-UPI/DR/357915962778/Mr Brije/YESB/q464441776/UPI--	TRANSFER TO 4897691162095 / 	8232	121.00	 	3,437.83
2 Aug 2023	2 Aug 2023	   TO TRANSFER-UPI/DR/321478576464/GANESH S/CNRB/2496424390/Pay t--	TRANSFER TO 4897692162094 / 	8232	162.00	 	3,275.83
2 Aug 2023	2 Aug 2023	   TO TRANSFER-UPI/DR/321478871761/MAVJIBHA/PYTM/paytmqr281/UPI--	TRANSFER TO 4897692162094 / 	8232	105.00	 	3,170.83
3 Aug 2023	3 Aug 2023	   BY TRANSFER-UPI/CR/321578699050/BHAVESH /UBIN/deliwalabh/Tiffi--	TRANSFER FROM 4897735162098 / 	8232	 	190.00	3,360.83
4 Aug 2023	4 Aug 2023	   BY TRANSFER-UPI/CR/321639850841/BHAVESH /UBIN/deliwalabh/Tiffi--	TRANSFER FROM 4897736162097 / 	8232	 	190.00	3,550.83
4 Aug 2023	4 Aug 2023	   TO TRANSFER-UPI/DR/321647428296/F3 CORPO/HDFC/f3corporat/UPI--	TRANSFER TO 4897694162092 / 	8232	69.00	 	3,481.83
4 Aug 2023	4 Aug 2023	   TO TRANSFER-UPI/DR/321648673360/Mahavir /UTIB/gpay-11183/UPI--	TRANSFER TO 4897694162092 / 	8232	630.00	 	2,851.83
4 Aug 2023	4 Aug 2023	   TO TRANSFER-UPI/DR/321654799494/Getepay/ICIC/getepay.ss/UPI--	TRANSFER TO 4897694162092 / 	8232	168.00	 	2,683.83
4 Aug 2023	4 Aug 2023	   TO TRANSFER-UPI/DR/321654280497/SWIGGYGE/YESB/swiggygeni/Pay f--	TRANSFER TO 4897694162092 / 	8232	55.00	 	2,628.83
5 Aug 2023	5 Aug 2023	   BY TRANSFER-UPI/CR/321795473793/MONALI J/BARB/monali.c08/UPI--	TRANSFER FROM 4897737162096 / 	8232	 	500.00	3,128.83
5 Aug 2023	5 Aug 2023	   TO TRANSFER-UPI/DR/321774103123/GANESH S/CNRB/2496424390/Pay t--	TRANSFER TO 4897695162091 / 	8232	162.00	 	2,966.83
5 Aug 2023	5 Aug 2023	   TO TRANSFER-UPI/DR/321790556088/SWIGGYGE/YESB/swiggygeni/Pay f--	TRANSFER TO 4897695162091 / 	8232	55.00	 	2,911.83
6 Aug 2023	6 Aug 2023	   TO TRANSFER-UPI/DR/321734630032/Donakant/SBIN/posettydon/UPI--	TRANSFER TO 4897696162090 / 	8232	1,900.00	 	1,011.83
6 Aug 2023	6 Aug 2023	   TO TRANSFER-UPI/DR/321808532888/Swiggy/ICIC/swiggystor/UPI--	TRANSFER TO 4897696162090 / 	8232	55.00	 	956.83
6 Aug 2023	6 Aug 2023	   TO TRANSFER-UPI/DR/358496741817/Zepto/utib/zepto.rzp@/UPI--	TRANSFER TO 4897696162090 / 	8232	221.00	 	735.83
7 Aug 2023	7 Aug 2023	   BY TRANSFER-UPI/CR/321958841462/NEHA RAM/HDFC/bavisi.neh/Neha--	TRANSFER FROM 4897732162091 / 	8232	 	960.00	1,695.83
7 Aug 2023	7 Aug 2023	   TO TRANSFER-UPI/DR/321932385172/GANESH S/CNRB/2496424390/Pay t--	TRANSFER TO 4897690162095 / 	8232	162.00	 	1,533.83
7 Aug 2023	7 Aug 2023	BY CLEARING / CHEQUE-PNB   400024057-829499 400002100--829499	 / 829499	5076	 	6,975.00	8,508.83
7 Aug 2023	7 Aug 2023	   TO TRANSFER-UPI/DR/358510304803/M S CUT /ICIC/cutexfamil/UPI--	TRANSFER TO 4897690162095 / 	8232	200.00	 	8,308.83
7 Aug 2023	7 Aug 2023	   TO TRANSFER-UPI/DR/358537410248/RAJESH M/PYTM/paytmqr281/UPI--	TRANSFER TO 4897690162095 / 	8232	81.00	 	8,227.83
7 Aug 2023	7 Aug 2023	   TO TRANSFER-UPI/DR/321954504498/UMESH GO/PUNB/ugupta9930/Dhira--	TRANSFER TO 4897691162095 / 	8232	3,375.00	 	4,852.83
8 Aug 2023	8 Aug 2023	   TO TRANSFER-UPI/DR/322062258764/DROGHERI/HDFC/drogherias/UPI--	TRANSFER TO 4897691162095 / 	8232	307.00	 	4,545.83
8 Aug 2023	8 Aug 2023	   BY TRANSFER-UPI/CR/322050937086/DIVYESH /BARB/divumehta@/UPI--	TRANSFER FROM 4897733162090 / 	8232	 	380.00	4,925.83
8 Aug 2023	8 Aug 2023	   TO TRANSFER-UPI/DR/322078665207/AKHILESH/PYTM/paytmqr281/UPI--	TRANSFER TO 4897691162095 / 	8232	560.00	 	4,365.83
8 Aug 2023	8 Aug 2023	   BY TRANSFER-UPI/CR/322098544995/BHAVIN K/HDFC/mehta914@o/smita--	TRANSFER FROM 4897733162090 / 	8232	 	590.00	4,955.83
8 Aug 2023	8 Aug 2023	   TO TRANSFER-UPI/DR/358668250702/KISHOR L/IOBA/rathodkish/UPI--	TRANSFER TO 4897691162095 / 	8232	1,635.00	 	3,320.83
9 Aug 2023	9 Aug 2023	   TO TRANSFER-UPI/DR/322109978732/ixigo/ICIC/ixigo.trai/IXIGO Tr--	TRANSFER TO 4897692162094 / 	8232	868.04	 	2,452.79
9 Aug 2023	9 Aug 2023	   BY TRANSFER-UPI/CR/322132373651/ixigo/ICIC/ixigo.trai/IXIGO Tr--	TRANSFER FROM 4897734162099 / 	8232	 	710.00	3,162.79
9 Aug 2023	9 Aug 2023	   TO TRANSFER-UPI/DR/322103028775/Mr Brije/YESB/q464441776/UPI--	TRANSFER TO 4897692162094 / 	8232	100.00	 	3,062.79
9 Aug 2023	9 Aug 2023	   TO TRANSFER-UPI/DR/358731002046/SWIGGYGE/YESB/swiggygeni/Pay f--	TRANSFER TO 4897692162094 / 	8232	55.00	 	3,007.79
9 Aug 2023	9 Aug 2023	   BY TRANSFER-UPI/CR/322151011373/DEVI MAR/BCBM/devimarket/jages--	TRANSFER FROM 4897735162098 / 	8232	 	1,600.00	4,607.79
10 Aug 2023	10 Aug 2023	   by debit card-OTHPOS322208155490AVENUE SUPERMARTS LTD MUMBAI--	 / 	4292	2,347.00	 	2,260.79
10 Aug 2023	10 Aug 2023	   TO TRANSFER-UPI/DR/322235087551/Brijesh /UTIB/gpay-11227/UPI--	TRANSFER TO 4897693162093 / 	8232	100.00	 	2,160.79
10 Aug 2023	10 Aug 2023	   TO TRANSFER-UPI/DR/322276749339/JAIN SWE/YESB/q674895819/UPI--	TRANSFER TO 4897693162093 / 	8232	360.00	 	1,800.79
10 Aug 2023	10 Aug 2023	   BY TRANSFER-UPI/CR/358801454622/DIVYESH /BARB/divumehta@/tiffi--	TRANSFER FROM 4897735162098 / 	8232	 	190.00	1,990.79
11 Aug 2023	11 Aug 2023	   TO TRANSFER-UPI/DR/322361555024/KRISHNA /YESB/q187166225/UPI--	TRANSFER TO 4897694162092 / 	8232	140.00	 	1,850.79
11 Aug 2023	11 Aug 2023	   BY TRANSFER-UPI/CR/358984887942/DIVYESH /BARB/divumehta@/tiffi--	TRANSFER FROM 4897736162097 / 	8232	 	190.00	2,040.79
12 Aug 2023	12 Aug 2023	   BY TRANSFER-UPI/CR/322413967354/SWATI CH/HDFC/scbhagadia/Tiffi--	TRANSFER FROM 4897737162096 / 	8232	 	5,250.00	7,290.79
13 Aug 2023	13 Aug 2023	   BY TRANSFER-UPI/CR/322518765859/SMITA  K/SBIN/smitakam12/UPI--	TRANSFER FROM 4897738162095 / 	8232	 	17,000.00	24,290.79
13 Aug 2023	13 Aug 2023	   TO TRANSFER-UPI/DR/322523279089/Ganesh S/PYTM/paytmqr1b1/UPI--	TRANSFER TO 4897696162090 / 	8232	378.00	 	23,912.79
13 Aug 2023	13 Aug 2023	   TO TRANSFER-UPI/DR/322523372366/Brijesh /UTIB/gpay-11227/UPI--	TRANSFER TO 4897696162090 / 	8232	100.00	 	23,812.79
13 Aug 2023	13 Aug 2023	   BY TRANSFER-UPI/CR/322541185501/REEMA KI/BARB/neerajdand/UPI--	TRANSFER FROM 4897738162095 / 	8232	 	1,350.00	25,162.79
13 Aug 2023	13 Aug 2023	   BY TRANSFER-UPI/CR/322554823670/NEHA RAM/HDFC/bavisi.neh/Vardh--	TRANSFER FROM 4897738162095 / 	8232	 	1,120.00	26,282.79
14 Aug 2023	14 Aug 2023	   BY TRANSFER-UPI/CR/322654201002/GOOGLEPAY/UTIB/goog-payme/UPI--	TRANSFER FROM 4897732162091 / 	8232	 	25.00	26,307.79
14 Aug 2023	14 Aug 2023	   TO TRANSFER-UPI/DR/322663920462/UTSAV GI/HDFC/utsavpatel/UPI--	TRANSFER TO 4897690162095 / 	8232	1,680.00	 	24,627.79
14 Aug 2023	14 Aug 2023	   TO TRANSFER-UPI/DR/322664364176/NAN SING/SBIN/nansinghra/UPI--	TRANSFER TO 4897690162095 / 	8232	70.00	 	24,557.79
14 Aug 2023	14 Aug 2023	   TO TRANSFER-UPI/DR/322664409992/Mahavir /UTIB/gpay-11183/UPI--	TRANSFER TO 4897690162095 / 	8232	560.00	 	23,997.79
14 Aug 2023	14 Aug 2023	   TO TRANSFER-UPI/DR/322665964234/NANUBEN /PUNB/sureshshah/UPI--	TRANSFER TO 4897690162095 / 	8232	1,364.00	 	22,633.79
14 Aug 2023	14 Aug 2023	   TO TRANSFER-UPI/DR/322665987099/UMESH GO/PUNB/ugupta9930/UPI--	TRANSFER TO 4897690162095 / 	8232	1,868.00	 	20,765.79
14 Aug 2023	14 Aug 2023	   BY TRANSFER-UPI/CR/322657895290/GOOGLEPAY/UTIB/goog-payme/UPI--	TRANSFER FROM 4897732162091 / 	8232	 	3.00	20,768.79
15 Aug 2023	15 Aug 2023	   TO TRANSFER-UPI/DR/322796368809/SEJAL PA/PUNB/sejalpanch/UPI--	TRANSFER TO 4897691162095 / 	8232	200.00	 	20,568.79
15 Aug 2023	15 Aug 2023	   BY TRANSFER-UPI/CR/322702890685/REEMA KI/BARB/neerajdand/UPI--	TRANSFER FROM 4897733162090 / 	8232	 	3,600.00	24,168.79
15 Aug 2023	15 Aug 2023	   TO TRANSFER-UPI/DR/322712444010/Mr Brije/YESB/q464441776/UPI--	TRANSFER TO 4897691162095 / 	8232	370.00	 	23,798.79
15 Aug 2023	15 Aug 2023	   BY TRANSFER-UPI/CR/322714341600/SHASHANK/KKBK/sjshinde.s/indep--	TRANSFER FROM 4897733162090 / 	8232	 	1,240.00	25,038.79
16 Aug 2023	16 Aug 2023	   TO TRANSFER-UPI/DR/359481448136/SANJAY J/UTIB/sanjaysult/UPI--	TRANSFER TO 4897692162094 / 	8232	6,000.00	 	19,038.79
16 Aug 2023	16 Aug 2023	   TO TRANSFER-UPI/DR/322800951344/MITUL KI/PUNB/mitulkdosh/UPI--	TRANSFER TO 4897692162094 / 	8232	300.00	 	18,738.79
18 Aug 2023	18 Aug 2023	   TO TRANSFER-UPI/DR/323016886195/Jio Prep/PYTM/jiofiber-p/OidTB--	TRANSFER TO 4897694162092 / 	8232	470.82	 	18,267.97
18 Aug 2023	18 Aug 2023	   BY TRANSFER-UPI/CR/359655609077/HEMAL KA/HDFC/9867579377/Food--	TRANSFER FROM 4897736162097 / 	8232	 	240.00	18,507.97
18 Aug 2023	18 Aug 2023	   TO TRANSFER-UPI/DR/323099065644/Ganesh S/PYTM/paytmqr1b1/UPI--	TRANSFER TO 4897694162092 / 	8232	324.00	 	18,183.97
18 Aug 2023	18 Aug 2023	   BY TRANSFER-UPI/CR/323018549778/NIKUNJ D/UBIN/nikunj104-/UPI--	TRANSFER FROM 4897736162097 / 	8232	 	320.00	18,503.97
18 Aug 2023	18 Aug 2023	   TO TRANSFER-UPI/DR/323013315277/DUNZO DI/ICIC/dunzodigit/UPI--	TRANSFER TO 4897694162092 / 	8232	46.00	 	18,457.97
18 Aug 2023	18 Aug 2023	   BY TRANSFER-UPI/CR/323058759089/DUNZO DI/ICIC/dunzodigit/Razor--	TRANSFER FROM 4897736162097 / 	8232	 	46.00	18,503.97
19 Aug 2023	19 Aug 2023	   BY TRANSFER-UPI/CR/323161657984/DIVYESH /BARB/divumehta@/tiffi--	TRANSFER FROM 4897737162096 / 	8232	 	190.00	18,693.97
19 Aug 2023	19 Aug 2023	   TO TRANSFER-UPI/DR/323147862705/JAHIR UD/SBIN/jahirsekh2/Real--	TRANSFER TO 4897695162091 / 	8232	1,600.00	 	17,093.97
20 Aug 2023	20 Aug 2023	   TO TRANSFER-UPI/DR/323267124251/SWIGGYIN/YESB/swiggyinst/Pay f--	TRANSFER TO 4897696162090 / 	8232	268.00	 	16,825.97
20 Aug 2023	20 Aug 2023	   TO TRANSFER-UPI/DR/323226409775/IRCTC UTS/PYTM/paytm-8796/Oid8--	TRANSFER TO 4897696162090 / 	8232	490.00	 	16,335.97
20 Aug 2023	20 Aug 2023	   by debit card-OTHPG 323210305855RELIANCE RETAIL LIMITENOIDA--	 / 	4292	1,395.00	 	14,940.97
20 Aug 2023	20 Aug 2023	   BY TRANSFER-UPI/CR/359812003104/BRAHMBHA/SRCB/kiranbarot/UPI--	TRANSFER FROM 4897738162095 / 	8232	 	265.00	15,205.97
20 Aug 2023	20 Aug 2023	   BY TRANSFER-UPI/CR/323252712370/NEHA RAM/HDFC/bavisi.neh/Neha--	TRANSFER FROM 4897738162095 / 	8232	 	1,120.00	16,325.97
21 Aug 2023	21 Aug 2023	   TO TRANSFER-UPI/DR/323307147373/Ganesh S/PYTM/paytmqr1b1/UPI--	TRANSFER TO 4897690162095 / 	8232	216.00	 	16,109.97
21 Aug 2023	21 Aug 2023	   TO TRANSFER-UPI/DR/323319625654/KISHOR L/IOBA/rathodkish/UPI--	TRANSFER TO 4897690162095 / 	8232	1,875.00	 	14,234.97
21 Aug 2023	21 Aug 2023	   TO TRANSFER-UPI/DR/323324081752/MAHAVIR /PYTM/paytmqr1fj/UPI--	TRANSFER TO 4897690162095 / 	8232	160.00	 	14,074.97
21 Aug 2023	21 Aug 2023	   TO TRANSFER-UPI/DR/323324494724/Mr SHIVN/CBIN/shivnath96/UPI--	TRANSFER TO 4897690162095 / 	8232	1,030.00	 	13,044.97
23 Aug 2023	23 Aug 2023	   TO TRANSFER-UPI/DR/323594645861/RAJENDRA/BARB/9821243093/UPI--	TRANSFER TO 4897692162094 / 	8232	200.00	 	12,844.97
23 Aug 2023	23 Aug 2023	   TO TRANSFER-UPI/DR/323576619466/Ganesh S/PYTM/paytmqr1b1/UPI--	TRANSFER TO 4897692162094 / 	8232	196.00	 	12,648.97
23 Aug 2023	23 Aug 2023	   TO TRANSFER-UPI/DR/323588708796/DROGHERI/HDFC/drogherias/UPI--	TRANSFER TO 4897692162094 / 	8232	293.00	 	12,355.97
24 Aug 2023	24 Aug 2023	   TO TRANSFER-UPI/DR/323651956157/PaytmUser/BARB/9821243093/UPI--	TRANSFER TO 4897693162093 / 	8232	200.00	 	12,155.97
24 Aug 2023	24 Aug 2023	   TO TRANSFER-UPI/DR/323612056765/Ganesh S/PYTM/paytmqr1b1/UPI--	TRANSFER TO 4897693162093 / 	8232	162.00	 	11,993.97
24 Aug 2023	24 Aug 2023	   TO TRANSFER-UPI/DR/323612125675/Brijesh /UTIB/gpay-11227/UPI--	TRANSFER TO 4897693162093 / 	8232	100.00	 	11,893.97
24 Aug 2023	24 Aug 2023	   TO TRANSFER-UPI/DR/323615523882/KreditBee/ICIC/kreditbee./UPI--	TRANSFER TO 4897693162093 / 	8232	3,873.00	 	8,020.97
25 Aug 2023	25 Aug 2023	   TO TRANSFER-UPI/DR/323746544331/Ganesh S/PYTM/paytmqr1b1/UPI--	TRANSFER TO 4897694162092 / 	8232	216.00	 	7,804.97
25 Aug 2023	25 Aug 2023	   TO TRANSFER-UPI/DR/323757134079/Kumar en/PYTM/paytmqr281/UPI--	TRANSFER TO 4897694162092 / 	8232	1,725.00	 	6,079.97
25 Aug 2023	25 Aug 2023	   TO TRANSFER-UPI/DR/323758327172/MANOJ GO/PYTM/paytmqreoq/UPI--	TRANSFER TO 4897694162092 / 	8232	360.00	 	5,719.97
25 Aug 2023	25 Aug 2023	   TO TRANSFER-UPI/DR/323758842686/AKHILESH/PYTM/paytmqr281/UPI--	TRANSFER TO 4897694162092 / 	8232	200.00	 	5,519.97
25 Aug 2023	25 Aug 2023	   TO TRANSFER-UPI/DR/323759049539/RAJESH M/PYTM/paytmqr281/UPI--	TRANSFER TO 4897694162092 / 	8232	168.00	 	5,351.97
26 Aug 2023	26 Aug 2023	   TO TRANSFER-UPI/DR/323880984840/KETAN HA/PUNB/ketanhshah/UPI--	TRANSFER TO 4897695162091 / 	8232	80.00	 	5,271.97
26 Aug 2023	26 Aug 2023	   BY TRANSFER-UPI/CR/323886709061/YOGENDRA/BARB/sharmayogi/UPI--	TRANSFER FROM 4897737162096 / 	8232	 	3,120.00	8,391.97
27 Aug 2023	27 Aug 2023	   TO TRANSFER-UPI/DR/323914119114/Ganesh S/PYTM/paytmqr1b1/UPI--	TRANSFER TO 4897696162090 / 	8232	324.00	 	8,067.97
27 Aug 2023	27 Aug 2023	   TO TRANSFER-UPI/DR/323914199176/Brijesh /UTIB/gpay-11227/UPI--	TRANSFER TO 4897696162090 / 	8232	128.00	 	7,939.97
27 Aug 2023	27 Aug 2023	   TO TRANSFER-UPI/DR/323914326380/Pooja ge/PYTM/paytmqr1w5/UPI--	TRANSFER TO 4897696162090 / 	8232	219.00	 	7,720.97
27 Aug 2023	27 Aug 2023	   TO TRANSFER-UPI/DR/323914705409/MORBI SW/UTIB/morbinamke/UPI--	TRANSFER TO 4897696162090 / 	8232	220.00	 	7,500.97
28 Aug 2023	28 Aug 2023	   TO TRANSFER-UPI/DR/324065361835/PaytmUser/BARB/9821243093/UPI--	TRANSFER TO 4897690162095 / 	8232	200.00	 	7,300.97
28 Aug 2023	28 Aug 2023	   TO TRANSFER-UPI/DR/324044653358/SHEETAL /PYTM/paytmqr281/UPI--	TRANSFER TO 4897690162095 / 	8232	200.00	 	7,100.97
28 Aug 2023	28 Aug 2023	   TO TRANSFER-UPI/DR/324048862437/Ganesh S/PYTM/paytmqr1b1/UPI--	TRANSFER TO 4897690162095 / 	8232	250.00	 	6,850.97
28 Aug 2023	28 Aug 2023	   TO TRANSFER-UPI/DR/360663759632/AMBIKESH/IPOS/8948359646/UPI--	TRANSFER TO 4897690162095 / 	8232	185.00	 	6,665.97
28 Aug 2023	28 Aug 2023	   TO TRANSFER-UPI/DR/360602862837/RAJESH M/PYTM/paytmqr281/UPI--	TRANSFER TO 4897690162095 / 	8232	60.00	 	6,605.97
28 Aug 2023	28 Aug 2023	   TO TRANSFER-UPI/DR/324065669091/AKHILESH/PYTM/paytmqr281/UPI--	TRANSFER TO 4897690162095 / 	8232	200.00	 	6,405.97
28 Aug 2023	28 Aug 2023	   TO TRANSFER-UPI/DR/324065954021/Kamla me/PYTM/paytmqr281/UPI--	TRANSFER TO 4897690162095 / 	8232	27.00	 	6,378.97
28 Aug 2023	28 Aug 2023	   BY TRANSFER-UPI/CR/324026033599/SHASHANK/KKBK/sjshinde.s/UPI--	TRANSFER FROM 4897733162090 / 	8232	 	905.00	7,283.97
29 Aug 2023	29 Aug 2023	   TO TRANSFER-UPI/DR/324179579378/DROGHERI/PYTM/paytm-7343/UPI--	TRANSFER TO 4897691162095 / 	8232	233.00	 	7,050.97
29 Aug 2023	29 Aug 2023	   TO TRANSFER-UPI/DR/324192451725/AKHILESH/PYTM/paytmqr281/UPI--	TRANSFER TO 4897691162095 / 	8232	200.00	 	6,850.97
29 Aug 2023	29 Aug 2023	   TO TRANSFER-UPI/DR/324195907341/KISHOR L/IOBA/rathodkish/UPI--	TRANSFER TO 4897691162095 / 	8232	1,935.00	 	4,915.97
30 Aug 2023	30 Aug 2023	   TO TRANSFER-UPI/DR/324222465835/Ganesh S/PYTM/paytmqr1b1/UPI--	TRANSFER TO 4897692162094 / 	8232	216.00	 	4,699.97
30 Aug 2023	30 Aug 2023	   TO TRANSFER-UPI/DR/324222554123/Brijesh /UTIB/gpay-11227/UPI--	TRANSFER TO 4897692162094 / 	8232	128.00	 	4,571.97
30 Aug 2023	30 Aug 2023	   TO TRANSFER-UPI/DR/324222713414/AMBIKESH/IPOS/8948359646/UPI--	TRANSFER TO 4897692162094 / 	8232	140.00	 	4,431.97
30 Aug 2023	30 Aug 2023	   TO TRANSFER-UPI/DR/324222868655/NAV JANT/UTIB/9820473690/UPI--	TRANSFER TO 4897692162094 / 	8232	172.00	 	4,259.97
30 Aug 2023	30 Aug 2023	   BY TRANSFER-INB IMPS324213793442/9892265101/XX8918/Restaurant--	MAC001332848080          MAC001332848080          TRANSFER FROM 4897979162090 / 	99922	 	916.00	5,175.97
30 Aug 2023	30 Aug 2023	   BY TRANSFER-UPI/CR/324259731982/JAYAVANT/UTIB/7045413612/Payme--	TRANSFER FROM 4897734162099 / 	8232	 	250.00	5,425.97
30 Aug 2023	30 Aug 2023	   BY TRANSFER-UPI/CR/324244267945/REEMA KI/BARB/neerajdand/food--	TRANSFER FROM 4897734162099 / 	8232	 	570.00	5,995.97
31 Aug 2023	31 Aug 2023	   TO TRANSFER-UPI/DR/324354749237/DROGHERI/PYTM/paytm-7343/UPI--	TRANSFER TO 4897693162093 / 	8232	224.00	 	5,771.97
31 Aug 2023	31 Aug 2023	   BY TRANSFER-UPI/CR/324329363576/DIVYESH /BARB/divumehta@/UPI--	TRANSFER FROM 4897735162098 / 	8232	 	190.00	5,961.97
31 Aug 2023	31 Aug 2023	   BY TRANSFER-UPI/CR/360935064725/DIVYESH /BARB/divumehta@/UPI--	TRANSFER FROM 4897735162098 / 	8232	 	190.00	6,151.97
31 Aug 2023	31 Aug 2023	   TO TRANSFER-UPI/DR/324364627749/MAHAVIR /PYTM/paytmqr1fj/UPI--	TRANSFER TO 4897693162093 / 	8232	345.00	 	5,806.97
31 Aug 2023	31 Aug 2023	   TO TRANSFER-UPI/DR/324365063824/MANOJ GO/PYTM/paytmqreoq/UPI--	TRANSFER TO 4897693162093 / 	8232	220.00	 	5,586.97
31 Aug 2023	31 Aug 2023	   TO TRANSFER-UPI/DR/324365738675/UMESH KE/PYTM/paytmqr281/UPI--	TRANSFER TO 4897693162093 / 	8232	290.00	 	5,296.97
31 Aug 2023	31 Aug 2023	   TO TRANSFER-UPI/DR/324366209786/AKHILESH/PYTM/paytmqr281/UPI--	TRANSFER TO 4897693162093 / 	8232	400.00	 	4,896.97
31 Aug 2023	31 Aug 2023	   BY TRANSFER-UPI/CR/324375040821/APEKSHA /HDFC/apeksha.de/UPI--	TRANSFER FROM 4897735162098 / 	8232	 	120.00	5,016.97
31 Aug 2023	31 Aug 2023	   BY TRANSFER-UPI/CR/324374558719/BINDU D /SBIN/bindutibar/UPI--	TRANSFER FROM 4897735162098 / 	8232	 	245.00	5,261.97
31 Aug 2023	31 Aug 2023	   BY TRANSFER-UPI/CR/360961792866/SANTOSH /ICIC/mansaa7070/UPI--	TRANSFER FROM 4897735162098 / 	8232	 	5,000.00	10,261.97
1 Sep 2023	1 Sep 2023	   BY TRANSFER-UPI/CR/324454851744/SHASHANK/KKBK/sjshinde.s/Raksh--	TRANSFER FROM 4897736162097 / 	8232	 	780.00	11,041.97
1 Sep 2023	1 Sep 2023	   TO TRANSFER-UPI/DR/324488067186/Ganesh S/PYTM/paytmqr1b1/UPI--	TRANSFER TO 4897694162092 / 	8232	532.00	 	10,509.97
1 Sep 2023	1 Sep 2023	   BY TRANSFER-UPI/CR/324426705982/LEKHA RA/ICIC/9819310055/Sent--	TRANSFER FROM 4897736162097 / 	8232	 	570.00	11,079.97
1 Sep 2023	1 Sep 2023	   BY TRANSFER-UPI/CR/324493923794/SANTOSH /UBIN/santoshr75/UPI--	TRANSFER FROM 4897736162097 / 	8232	 	675.00	11,754.97
1 Sep 2023	1 Sep 2023	   BY TRANSFER-UPI/CR/324409006414/DIVYESH /BARB/divumehta@/UPI--	TRANSFER FROM 4897736162097 / 	8232	 	190.00	11,944.97
1 Sep 2023	1 Sep 2023	   TO TRANSFER-UPI/DR/324400698042/AKHILESH/PYTM/paytmqr281/UPI--	TRANSFER TO 4897694162092 / 	8232	200.00	 	11,744.97
1 Sep 2023	1 Sep 2023	   BY TRANSFER-UPI/CR/361096935382/Mrs SNEH/MAHB/snehakatar/Sunda--	TRANSFER FROM 4897736162097 / 	8232	 	225.00	11,969.97
2 Sep 2023	2 Sep 2023	   TO TRANSFER-UPI/DR/324525635690/Ganesh S/PYTM/paytmqr1b1/UPI--	TRANSFER TO 4897695162091 / 	8232	216.00	 	11,753.97
2 Sep 2023	2 Sep 2023	   TO TRANSFER-UPI/DR/324530922209/MAHAVIR /PYTM/paytmqr1fj/UPI--	TRANSFER TO 4897695162091 / 	8232	700.00	 	11,053.97
2 Sep 2023	2 Sep 2023	   TO TRANSFER-UPI/DR/324531491963/KRISHNA /YESB/q800005455/UPI--	TRANSFER TO 4897695162091 / 	8232	100.00	 	10,953.97
2 Sep 2023	2 Sep 2023	   TO TRANSFER-UPI/DR/324531832436/PRABIN K/BKID/prabingupt/UPI--	TRANSFER TO 4897695162091 / 	8232	120.00	 	10,833.97
2 Sep 2023	2 Sep 2023	   TO TRANSFER-UPI/DR/324532074409/Mr SHIVN/CBIN/shivnath96/UPI--	TRANSFER TO 4897695162091 / 	8232	1,095.00	 	9,738.97
2 Sep 2023	2 Sep 2023	   TO TRANSFER-UPI/DR/324532507871/Pooja ge/PYTM/paytmqr281/UPI--	TRANSFER TO 4897695162091 / 	8232	148.00	 	9,590.97
2 Sep 2023	2 Sep 2023	   TO TRANSFER-UPI/DR/324551687791/NILESH P/HDFC/nileshpanc/UPI--	TRANSFER TO 4897696162090 / 	8232	320.00	 	9,270.97
3 Sep 2023	3 Sep 2023	   BY TRANSFER-UPI/CR/324671478322/HARDIK S/HDFC/hvsheth29@/UPI--	TRANSFER FROM 4897738162095 / 	8232	 	20.00	9,290.97
3 Sep 2023	3 Sep 2023	   BY TRANSFER-UPI/CR/324671508586/HARDIK S/HDFC/hvsheth29@/UPI--	TRANSFER FROM 4897738162095 / 	8232	 	180.00	9,470.97
3 Sep 2023	3 Sep 2023	   BY TRANSFER-UPI/CR/324672170607/HARDIK S/HDFC/hvsheth29@/UPI--	TRANSFER FROM 4897732162091 / 	8232	 	590.00	10,060.97
4 Sep 2023	4 Sep 2023	   TO TRANSFER-UPI/DR/324798876289/Ganesh S/PYTM/paytmqr1b1/UPI--	TRANSFER TO 4897690162095 / 	8232	216.00	 	9,844.97
4 Sep 2023	4 Sep 2023	   TO TRANSFER-UPI/DR/324798973862/Brijesh /UTIB/gpay-11227/UPI--	TRANSFER TO 4897690162095 / 	8232	192.00	 	9,652.97
4 Sep 2023	4 Sep 2023	   TO TRANSFER-UPI/DR/361380114850/AMBIKESH/IPOS/8948359646/UPI--	TRANSFER TO 4897690162095 / 	8232	350.00	 	9,302.97
4 Sep 2023	4 Sep 2023	   TO TRANSFER-UPI/DR/361348119828/NAV JANT/UTIB/9820473690/UPI--	TRANSFER TO 4897690162095 / 	8232	68.00	 	9,234.97
4 Sep 2023	4 Sep 2023	   BY TRANSFER-UPI/CR/324785228062/Adesh Ch/SBIN/adeshshah4/UPI--	TRANSFER FROM 4897732162091 / 	8232	 	760.00	9,994.97
4 Sep 2023	4 Sep 2023	   BY TRANSFER-UPI/CR/361326337014/RINKLE R/ICIC/rinklegora/UPI--	TRANSFER FROM 4897732162091 / 	8232	 	215.00	10,209.97
4 Sep 2023	4 Sep 2023	   TO TRANSFER-UPI/DR/324716572962/KAHAN OP/BARB/kahan98207/UPI--	TRANSFER TO 4897690162095 / 	8232	1,100.00	 	9,109.97
4 Sep 2023	4 Sep 2023	   TO TRANSFER-UPI/DR/324716747840/AKHILESH/PYTM/paytmqr281/UPI--	TRANSFER TO 4897690162095 / 	8232	400.00	 	8,709.97
5 Sep 2023	5 Sep 2023	   ATM WDL-ATM CASH 9986  SHANKAR GALLI KANDIVALMUMBAI--	 / 	4292	6,500.00	 	2,209.97
5 Sep 2023	5 Sep 2023	   TO TRANSFER-UPI/DR/324829416815/Ganesh S/PYTM/paytmqr1b1/UPI--	TRANSFER TO 4897691162095 / 	8232	293.00	 	1,916.97
5 Sep 2023	5 Sep 2023	BY CLEARING / CHEQUE-PNB   400024057-829519 400002100--829519	 / 829519	5076	 	6,975.00	8,891.97
5 Sep 2023	5 Sep 2023	   BY TRANSFER-UPI/CR/324821799401/Adesh Ch/SBIN/adeshshah4/UPI--	TRANSFER FROM 4897733162090 / 	8232	 	880.00	9,771.97
6 Sep 2023	6 Sep 2023	   TO TRANSFER-UPI/DR/361509496197/KISHOR L/IOBA/rathodkish/UPI--	TRANSFER TO 4897692162094 / 	8232	2,225.00	 	7,546.97
6 Sep 2023	6 Sep 2023	   TO TRANSFER-UPI/DR/324962301550/Ganesh S/PYTM/paytmqr1b1/UPI--	TRANSFER TO 4897692162094 / 	8232	232.00	 	7,314.97
6 Sep 2023	6 Sep 2023	   TO TRANSFER-UPI/DR/324974112112/AKHILESH/PYTM/paytmqr281/UPI--	TRANSFER TO 4897692162094 / 	8232	400.00	 	6,914.97
6 Sep 2023	6 Sep 2023	   TO TRANSFER-UPI/DR/324974516378/NAV JANT/UTIB/9820473690/UPI--	TRANSFER TO 4897692162094 / 	8232	116.00	 	6,798.97
6 Sep 2023	6 Sep 2023	   TO TRANSFER-UPI/DR/361534314625/Dunzo Di/HDFC/dunzodigit/UPI--	TRANSFER TO 4897692162094 / 	8232	58.00	 	6,740.97
6 Sep 2023	6 Sep 2023	   BY TRANSFER-UPI/CR/324959643356/Dunzo Di/HDFC/dunzodigit/Refun--	TRANSFER FROM 4897734162099 / 	8232	 	58.00	6,798.97
7 Sep 2023	7 Sep 2023	   TO TRANSFER-UPI/DR/325099278081/Ganesh S/PYTM/paytmqr1b1/UPI--	TRANSFER TO 4897693162093 / 	8232	285.00	 	6,513.97
7 Sep 2023	7 Sep 2023	   TO TRANSFER-UPI/DR/325085736450/NAV JANT/UTIB/9820473690/UPI--	TRANSFER TO 4897693162093 / 	8232	291.00	 	6,222.97
7 Sep 2023	7 Sep 2023	   TO TRANSFER-UPI/DR/325010479299/SWIGGYGE/YESB/swiggygeni/Pay f--	TRANSFER TO 4897693162093 / 	8232	135.00	 	6,087.97
7 Sep 2023	7 Sep 2023	   BY TRANSFER-UPI/CR/325060424104/SWIGGYGE/YESB/swiggygeni/Refun--	TRANSFER FROM 4897735162098 / 	8232	 	135.00	6,222.97
7 Sep 2023	7 Sep 2023	   BY TRANSFER-UPI/CR/325087502984/REEMA KI/BARB/neerajdand/UPI--	TRANSFER FROM 4897735162098 / 	8232	 	240.00	6,462.97
7 Sep 2023	7 Sep 2023	   TO TRANSFER-UPI/DR/325018061977/Mr SHIVN/CBIN/shivnath96/UPI--	TRANSFER TO 4897693162093 / 	8232	475.00	 	5,987.97
8 Sep 2023	8 Sep 2023	   BY TRANSFER-UPI/CR/361765863388/DIVYESH /BARB/divumehta@/UPI--	TRANSFER FROM 4897736162097 / 	8232	 	190.00	6,177.97
8 Sep 2023	8 Sep 2023	   TO TRANSFER-INB TATA_POWER Payments--	YSBI2069891303CHN6189861               TRANSFER TO 3199609162099 / 	99922	2,000.00	 	4,177.97
8 Sep 2023	8 Sep 2023	   TO TRANSFER-UPI/DR/325136882645/AMBIKESH/IPOS/8948359646/UPI--	TRANSFER TO 4897694162092 / 	8232	170.00	 	4,007.97
8 Sep 2023	8 Sep 2023	   TO TRANSFER-UPI/DR/325149958124/AKHILESH/PYTM/paytmqr281/UPI--	TRANSFER TO 4897694162092 / 	8232	430.00	 	3,577.97
8 Sep 2023	8 Sep 2023	   TO TRANSFER-UPI/DR/325150253228/NAV JANT/UTIB/9820473690/UPI--	TRANSFER TO 4897694162092 / 	8232	165.00	 	3,412.97
9 Sep 2023	9 Sep 2023	   TO TRANSFER-UPI/DR/325269275135/Ganesh S/PYTM/paytmqr1g5/UPI--	TRANSFER TO 4897695162091 / 	8232	324.00	 	3,088.97
9 Sep 2023	9 Sep 2023	   TO TRANSFER-UPI/DR/325269391077/Brijesh /UTIB/gpay-11227/UPI--	TRANSFER TO 4897695162091 / 	8232	224.00	 	2,864.97
9 Sep 2023	9 Sep 2023	   TO TRANSFER-UPI/DR/325269622406/AMBIKESH/IPOS/8948359646/UPI--	TRANSFER TO 4897695162091 / 	8232	165.00	 	2,699.97
9 Sep 2023	9 Sep 2023	   TO TRANSFER-UPI/DR/325269707759/Pooja ge/PYTM/paytmqr281/UPI--	TRANSFER TO 4897695162091 / 	8232	114.00	 	2,585.97
9 Sep 2023	9 Sep 2023	   BY TRANSFER-UPI/CR/325238759517/Adesh Ch/SBIN/adeshshah4/UPI--	TRANSFER FROM 4897737162096 / 	8232	 	120.00	2,705.97
9 Sep 2023	9 Sep 2023	   TO TRANSFER-UPI/DR/325284552869/AKHILESH/PYTM/paytmqr281/UPI--	TRANSFER TO 4897695162091 / 	8232	200.00	 	2,505.97
10 Sep 2023	10 Sep 2023	   TO TRANSFER-UPI/DR/325307481936/Ganesh S/PYTM/paytmqr1b1/UPI--	TRANSFER TO 4897696162090 / 	8232	216.00	 	2,289.97
10 Sep 2023	10 Sep 2023	   TO TRANSFER-UPI/DR/325396965939/DHAVAL  /PUNB/mishtiship/UPI--	TRANSFER TO 4897696162090 / 	8232	200.00	 	2,089.97
10 Sep 2023	10 Sep 2023	   TO TRANSFER-UPI/DR/325326378610/Pineham /ICIC/pinehamlea/Pay v--	TRANSFER TO 4897696162090 / 	8232	471.00	 	1,618.97
10 Sep 2023	10 Sep 2023	   BY TRANSFER-UPI/CR/361931746377/BHAVESH /UBIN/9702521162/Trf--	TRANSFER FROM 4897738162095 / 	8232	 	480.00	2,098.97
10 Sep 2023	10 Sep 2023	   BY TRANSFER-UPI/CR/325371388988/RINKLE R/ICIC/rinklegora/UPI--	TRANSFER FROM 4897738162095 / 	8232	 	215.00	2,313.97
10 Sep 2023	10 Sep 2023	   TO TRANSFER-UPI/DR/325326219685/ALPESH D/HDFC/bhavikss19/UPI--	TRANSFER TO 4897696162090 / 	8232	1,000.00	 	1,313.97
10 Sep 2023	10 Sep 2023	   TO TRANSFER-UPI/DR/325328594976/DHAVAL  /PUNB/mishtiship/UPI--	TRANSFER TO 4897690162095 / 	8232	200.00	 	1,113.97
11 Sep 2023	11 Sep 2023	   TO TRANSFER-UPI/DR/325429173368/DHAVAL  /PUNB/mishtiship/UPI--	TRANSFER TO 4897690162095 / 	8232	450.00	 	663.97
11 Sep 2023	11 Sep 2023	   BY TRANSFER-UPI/CR/325477152902/Adesh Ch/SBIN/adeshshah4/UPI--	TRANSFER FROM 4897732162091 / 	8232	 	2,250.00	2,913.97
11 Sep 2023	11 Sep 2023	   TO TRANSFER-UPI/DR/325441977581/Ramesh S/PYTM/paytmqr1ws/UPI--	TRANSFER TO 4897690162095 / 	8232	231.00	 	2,682.97
11 Sep 2023	11 Sep 2023	   TO TRANSFER-UPI/DR/325460154552/BRAHMBHA/SRCB/kiranbarot/UPI--	TRANSFER TO 4897690162095 / 	8232	1.00	 	2,681.97
11 Sep 2023	11 Sep 2023	   BY TRANSFER-UPI/CR/362092834840/BRAHMBHA/SRCB/kiranbarot/UPI--	TRANSFER FROM 4897732162091 / 	8232	 	8,000.00	10,681.97
11 Sep 2023	11 Sep 2023	   BY TRANSFER-UPI/CR/325461095353/NIRAJA N/SBIN/nirajajhal/from--	TRANSFER FROM 4897732162091 / 	8232	 	300.00	10,981.97

**This is a computer generated statement and does not require a signature