Account Name       :                	Mrs. SMITA  KAMDAR
Address            :	C1501 ADINATH AVENUEGREATER MUMBAI (M CO
                                    	NARSING LANE S V ROADGREATER MUMBAI (M C
                                    	MALAD WESTMUMBAI-400064
                                    	Mumbai Suburban
Date               :                	22 Jul 2024
Account Number     :	_00000037971579191
Account Description:	LOTUS SAVING  BANK-ADHAR- CHQ
Branch             :	SHANKAR GALLI
Drawing Power      :	0.00
Interest Rate(% p.a.):	2.7
MOD Balance      :	0.00
CIF No.          :	_87898197485
IFS (Indian Financial System) Code         :	SBIN0008232
MICR (Magnetic Ink Character Recognition)  Code        :	_400002100
Nomination Registered    :	Yes 
Balance on 1 Apr 2023        :	6,160.77
Start Date          :	1 Apr 2023
End Date            :	31 Mar 2024
Txn Date	Value Date	Description	Ref No./Cheque No.	        Debit	Credit	Balance	
1 Apr 2023	1 Apr 2023	   by debit card-OTHPG 947001      SWIGGY GO             BANGALORE--		55.00	 	6,105.77
1 Apr 2023	1 Apr 2023	   by debit card-OTHPG 271753      SWIGGY GO             BANGALORE--		75.00	 	6,030.77
1 Apr 2023	1 Apr 2023	   by debit card-OTHPG 399777      PAY*WWW SWIGGY IN     GURGAON--		55.00	 	5,975.77
1 Apr 2023	1 Apr 2023	   by debit card-OTHPG 210382      RAZ*Dream 11          Mumbai--		25.00	 	5,950.77
1 Apr 2023	1 Apr 2023	   TO TRANSFER-UPI/DR/309175226888/ZEPTO/HDFC/zepto.payu/Upi Tran--	TRANSFER TO 5097621162092	341.00	 	5,609.77
2 Apr 2023	2 Apr 2023	   by debit card-OTHPG 685616      SWIGGY GENIE          BANGALORE--		55.00	 	5,554.77
2 Apr 2023	2 Apr 2023	   DEBIT-ACHDr NACH00000000021717 NAVI FINSERV P--		2,747.00	 	2,807.77
2 Apr 2023	2 Apr 2023	   TO TRANSFER-UPI/DR/309277600924/ZEPTO/HDFC/zepto.payu/Upi Tran--	TRANSFER TO 5098086162099	231.00	 	2,576.77
2 Apr 2023	2 Apr 2023	   BY TRANSFER-UPI/CR/309274854849/BRIJESH /UBIN/brisejrut0/tiffi--	TRANSFER FROM 5098767162097	 	275.00	2,851.77
2 Apr 2023	2 Apr 2023	   by debit card-OTHPG 214550      Directorate of TechnicMumbai--		804.80	 	2,046.97
3 Apr 2023	3 Apr 2023	   TO TRANSFER-UPI/DR/309395668398/Bhavesh /IDFB/bhavesh74k/UPI--	TRANSFER TO 4693794162095	75.00	 	1,971.97
3 Apr 2023	3 Apr 2023	   by debit card-OTHPG 717533      SWIGGY GO             BANGALORE--		55.00	 	1,916.97
3 Apr 2023	3 Apr 2023	   by debit card-OTHPG 400832      SWIGGY GO             BANGALORE--		55.00	 	1,861.97
3 Apr 2023	3 Apr 2023	   TO TRANSFER-UPI/DR/309383718859/Mr SHATR/CBIN/shatrughna/UPI--	TRANSFER TO 4897655162098	460.00	 	1,401.97
3 Apr 2023	3 Apr 2023	   TO TRANSFER-UPI/DR/309390879017/MANAS JA/BARB/devimarket/UPI--	TRANSFER TO 5097567162092	325.00	 	1,076.97
3 Apr 2023	3 Apr 2023	   by debit card-OTHPG 497236      SWIGGY GO             BANGALORE--		55.00	 	1,021.97
3 Apr 2023	3 Apr 2023	   by debit card-OTHPG 706062      DUNZO DIGITAL PRIVATE GURGAON--		202.00	 	819.97
3 Apr 2023	3 Apr 2023	   BY TRANSFER-UPI/CR/309327589845/BRIJESH /UBIN/brisejrut0/tiffi--	TRANSFER FROM 5098211162090	 	365.00	1,184.97
4 Apr 2023	4 Apr 2023	   by debit card-OTHPG 472955      SWIGGY GO             BANGALORE--		55.00	 	1,129.97
4 Apr 2023	4 Apr 2023	   BY TRANSFER-UPI/CR/309488819044/JIGNESH /PUNB/jigneshbab/UPI--	TRANSFER FROM 5098924162090	 	290.00	1,419.97
5 Apr 2023	5 Apr 2023	   by debit card-OTHPG 692483      SWIGGY GO             BANGALORE--		55.00	 	1,364.97
5 Apr 2023	5 Apr 2023	   by debit card-OTHPG 153110      SWIGGY GO             BANGALORE--		75.00	 	1,289.97
5 Apr 2023	5 Apr 2023	   TO TRANSFER-UPI/DR/309543267120/SALMAN Z/KKBK/ss4184585@/UPI--	TRANSFER TO 4694047162098	80.00	 	1,209.97
5 Apr 2023	5 Apr 2023	   TO TRANSFER-UPI/DR/309585907365/ZEPTO/HDFC/zepto.payu/Upi Tran--	TRANSFER TO 4897692162094	266.00	 	943.97
6 Apr 2023	6 Apr 2023	   by debit card-OTHPG 433894      SWIGGY GO             BANGALORE--		55.00	 	888.97
6 Apr 2023	6 Apr 2023	   BY TRANSFER-UPI/CR/309627564743/DIVYESH /BARB/divumehta@/lunch--	TRANSFER FROM 4693404162092	 	190.00	1,078.97
6 Apr 2023	6 Apr 2023	BY CLEARING / CHEQUE-PNB   400024057-384632 400002100--384632	384632	 	6,975.00	8,053.97
6 Apr 2023	6 Apr 2023	   BULK POSTING-     00000008232 030423 SWIGGY GO\NO 4 1 9THFL--		 	55.00	8,108.97
6 Apr 2023	6 Apr 2023	   BY TRANSFER-UPI/CR/309669913255/YASHESH /UCBA/yasheshsha/Payme--	TRANSFER FROM 5099063162099	 	1,100.00	9,208.97
6 Apr 2023	6 Apr 2023	   BY TRANSFER-INB IMPS309617629462/9892265101/XX3316/foodbill--	MAA001290246359          MAA001290246359          	 	420.00	9,628.97
7 Apr 2023	7 Apr 2023	   TO TRANSFER-UPI/DR/309708216542/NAV JANT/UTIB/9820473690/groce--	TRANSFER TO 4696172162091	282.00	 	9,346.97
7 Apr 2023	7 Apr 2023	   by debit card-OTHPG 704053      SWIGGY GO             BANGALORE--		55.00	 	9,291.97
7 Apr 2023	7 Apr 2023	   BY TRANSFER-UPI/CR/309777142083/MS MANSH/SCBL/caprimansi/UPI--	TRANSFER FROM 5098608162090	 	2,500.00	11,791.97
7 Apr 2023	7 Apr 2023	   TO TRANSFER-UPI/DR/309713303369/Mr SHATR/YESB/bharatpe90/Pay t--	TRANSFER TO 4692585162090	1,000.00	 	10,791.97
7 Apr 2023	7 Apr 2023	   TO TRANSFER-UPI/DR/309713599499/V M AGRO/YESB/q237888124/UPI--	TRANSFER TO 4694292162097	144.00	 	10,647.97
7 Apr 2023	7 Apr 2023	   TO TRANSFER-UPI/DR/309714062765/Kumar en/PYTM/paytmqr281/UPI--	TRANSFER TO 4696946162093	820.00	 	9,827.97
7 Apr 2023	7 Apr 2023	   by debit card-OTHPG 992037      ZOMATO LIMITED        NEW DELHI--		199.50	 	9,628.47
8 Apr 2023	8 Apr 2023	   BY TRANSFER-UPI/CR/346451021235/HIRAL PR/ICIC/hiral2804@/UPI--	TRANSFER FROM 5099214162090	 	1,100.00	10,728.47
8 Apr 2023	8 Apr 2023	   TO TRANSFER-UPI/DR/309842947554/zeptonow/INDB/cf.zeptono/home--	TRANSFER TO 5097997162092	255.00	 	10,473.47
8 Apr 2023	8 Apr 2023	   TO TRANSFER-UPI/DR/309860714469/ABDUL AR/KKBK/shaikharba/UPI--	TRANSFER TO 4694366162096	84.00	 	10,389.47
8 Apr 2023	8 Apr 2023	   BY TRANSFER-UPI/CR/309838341025/MANAS JA/BARB/devimarket/jages--	TRANSFER FROM 4695250162098	 	475.00	10,864.47
9 Apr 2023	9 Apr 2023	   TO TRANSFER-UPI/DR/309999346018/Zepto/ICIC/zepto.rzp@/home--	TRANSFER TO 5098068162091	210.00	 	10,654.47
9 Apr 2023	9 Apr 2023	   by debit card-OTHPG 684504      SWIGGY GO             BANGALORE--		135.00	 	10,519.47
9 Apr 2023	9 Apr 2023	   BY TRANSFER-UPI/CR/346532766030/AARTI RA/KKBK/9821800990/Payme--	TRANSFER FROM 4897738162095	 	170.00	10,689.47
9 Apr 2023	9 Apr 2023	   TO TRANSFER-UPI/DR/309999118307/Mr SHATR/CBIN/shatrughna/UPI--	TRANSFER TO 4897690162095	1,045.00	 	9,644.47
10 Apr 2023	10 Apr 2023	   BY TRANSFER-UPI/CR/310012928831/MEENAKSH/PUNB/9920790840/Sent--	TRANSFER FROM 5098852162099	 	170.00	9,814.47
10 Apr 2023	10 Apr 2023	   by debit card-OTHPG 988935      SWIGGY GO             BANGALORE--		55.00	 	9,759.47
10 Apr 2023	10 Apr 2023	   TO TRANSFER-UPI/DR/310096267903/ZEPTO/HDFC/zepto.payu/Upi Tran--	TRANSFER TO 4696806162093	221.00	 	9,538.47
10 Apr 2023	10 Apr 2023	   TO TRANSFER-UPI/DR/310013678908/SANJAY J/UTIB/sanjaysult/UPI--	TRANSFER TO 5099337162090	5,465.00	 	4,073.47
10 Apr 2023	10 Apr 2023	CHEQUE DEPOSIT---574802	TRANSFER TO 30018073307                            / 574802	 	25,000.00	29,073.47
10 Apr 2023	10 Apr 2023	   BY TRANSFER-RTGS UTR NO: HDFCR52023041097358062--PRATAP G RANE	TRANSFER FROM 3199856044300 / PRATAP G RANE	 	7,00,000.00	7,29,073.47
10 Apr 2023	10 Apr 2023	   TO TRANSFER-INB SHREE NUTAN KELAVANI MAND--	17153788794IGAPKQMEJ7               TRANSFER TO 45	11,450.00	 	7,17,623.47
10 Apr 2023	10 Apr 2023	   by debit card-OTHPG 128968      SWIGGY GO             BANGALORE--		135.00	 	7,17,488.47
11 Apr 2023	11 Apr 2023	   TO TRANSFER-UPI/DR/310139204805/DIPESH V/UTIB/dipeshilpa/UPI--	TRANSFER TO 4693910162096	20,000.00	 	6,97,488.47
11 Apr 2023	11 Apr 2023	   TO TRANSFER-UPI/DR/310139207447/DIPESH V/UTIB/dipeshilpa/UPI--	TRANSFER TO 5099441162090	20,000.00	 	6,77,488.47
11 Apr 2023	11 Apr 2023	   TO TRANSFER-UPI/DR/310141970282/JAHIR UD/SBIN/jahirsekh2/Real--	TRANSFER TO 4897691162095	5,045.00	 	6,72,443.47
11 Apr 2023	11 Apr 2023	   BY TRANSFER-UPI/CR/310117780364/GOOGLEPAY/UTIB/goog-payme/UPI--	TRANSFER FROM 4897733162090	 	3.00	6,72,446.47
11 Apr 2023	11 Apr 2023	   by debit card-OTHPG 108252      SWIGGY GENIE          BANGALORE--		55.00	 	6,72,391.47
11 Apr 2023	11 Apr 2023	   BULK POSTING-     00000008232 090423 SWIGGY GO\NO 4 1 9THFL--		 	135.00	6,72,526.47
11 Apr 2023	11 Apr 2023	   by debit card-OTHPG 676358      SWIGGY GO             BANGALORE--		55.00	 	6,72,471.47
11 Apr 2023	11 Apr 2023	   by debit card-OTHPG 932491      SWIGGY                Bengaluru--		1,111.00	 	6,71,360.47
12 Apr 2023	12 Apr 2023	   TO TRANSFER-UPI/DR/346873586780/AIRTEL P/UTIB/airtel@axb/Debit--	TRANSFER TO 4897692162094	155.00	 	6,71,205.47
12 Apr 2023	12 Apr 2023	   by debit card-OTHPG 345539      SWIGGY GENIE          BANGALORE--		55.00	 	6,71,150.47
12 Apr 2023	12 Apr 2023	   TO TRANSFER-UPI/DR/310290254587/AMITA S /IOBA/queenaiyer/UPI--	TRANSFER TO 4897692162094	15,000.00	 	6,56,150.47
12 Apr 2023	12 Apr 2023	   TO TRANSFER-INB MAHANAGAR GAS LIMITED     MGL Payments--	YSBI1837930671IGAPKYCDY0               TRANSFER TO	9,786.00	 	6,46,364.47
12 Apr 2023	12 Apr 2023	   TO TRANSFER-INB Tata Power Company Limite TATA_POWER Payments--	YSBI1837945546IGAPKYCRP5               TRANSFER TO	1,332.00	 	6,45,032.47
12 Apr 2023	12 Apr 2023	   by debit card-OTHPG 651076      SWIGGY GO             BANGALORE--		135.00	 	6,44,897.47
12 Apr 2023	12 Apr 2023	   by debit card-OTHPG 257421      SWIGGY GO             BANGALORE--		135.00	 	6,44,762.47
12 Apr 2023	12 Apr 2023	   by debit card-OTHPG 271684      SWIGGY GO             BANGALORE--		55.00	 	6,44,707.47
12 Apr 2023	12 Apr 2023	   TO TRANSFER-UPI/DR/310298121181/ASHISH A/ICIC/ashishrath/UPI--	TRANSFER TO 4897692162094	570.00	 	6,44,137.47
13 Apr 2023	13 Apr 2023	TO CLEARING-HDF   SAHIL DHAWAN--218475	218475	15,000.00	 	6,29,137.47
13 Apr 2023	13 Apr 2023	   TO TRANSFER-UPI/DR/310319232045/GEDDIT C/PYTM/paytm-6649/Oidge--	TRANSFER TO 4897693162093	243.00	 	6,28,894.47
13 Apr 2023	13 Apr 2023	   by debit card-OTHPG 169977      SWIGGY GO             BANGALORE--		55.00	 	6,28,839.47
13 Apr 2023	13 Apr 2023	   by debit card-OTHPG 454703      SWIGGY GO             BANGALORE--		135.00	 	6,28,704.47
13 Apr 2023	13 Apr 2023	   BULK POSTING-     00000008232 110423 SWIGGY\NO 4 1 9THFLOOR--		 	1,111.00	6,29,815.47
13 Apr 2023	13 Apr 2023	   TO TRANSFER-UPI/DR/310331091882/RONAK DI/PUNB/kahanoptic/UPI--	TRANSFER TO 4897693162093	2,500.00	 	6,27,315.47
14 Apr 2023	14 Apr 2023	   TO TRANSFER-UPI/DR/310419259083/Zomato Ltd/PYTM/zomato-ord/Oid--	TRANSFER TO 4696174162099	2,465.21	 	6,24,850.26
14 Apr 2023	14 Apr 2023	   TO TRANSFER-UPI/DR/310447009777/MANOJ GO/BKID/mprajapati/UPI--	TRANSFER TO 4897694162092	1,420.00	 	6,23,430.26
14 Apr 2023	14 Apr 2023	   BY TRANSFER-UPI/CR/347098394504/FALGUNI /PUNB/falgunikan/UPI--	TRANSFER FROM 4897736162097	 	170.00	6,23,600.26
14 Apr 2023	14 Apr 2023	   by debit card-OTHPG 626200      SWIGGY GO             BANGALORE--		55.00	 	6,23,545.26
14 Apr 2023	14 Apr 2023	   BY TRANSFER-UPI/CR/347009905248/Donakant/SBIN/posettydon/UPI--	TRANSFER FROM 4897736162097	 	1.00	6,23,546.26
14 Apr 2023	14 Apr 2023	   TO TRANSFER-UPI/DR/310413365533/zeptonow/ICIC/cfzeptonow/home--	TRANSFER TO 4897694162092	255.00	 	6,23,291.26
14 Apr 2023	14 Apr 2023	   BULK POSTING-     00000008232 120423 SWIGGY GO\NO 4 1 9THFL--		 	135.00	6,23,426.26
14 Apr 2023	14 Apr 2023	   by debit card-OTHPG 172231      SWIGGY GO             BANGALORE--		135.00	 	6,23,291.26
14 Apr 2023	14 Apr 2023	   BY TRANSFER-UPI/CR/310497512757/LEKHA RA/ICIC/lekha.ravi/Lekha--	TRANSFER FROM 4897736162097	 	190.00	6,23,481.26
14 Apr 2023	14 Apr 2023	   TO TRANSFER-UPI/DR/310473226163/Donakant/SBIN/posettydon/UPI--	TRANSFER TO 4897695162091	1.00	 	6,23,480.26
14 Apr 2023	14 Apr 2023	   TO TRANSFER-UPI/DR/310473235722/Donakant/SBIN/posettydon/UPI--	TRANSFER TO 4897695162091	4,200.00	 	6,19,280.26
15 Apr 2023	15 Apr 2023	   DEBIT-ACHDr ICIC00261000001992 TP EMND HOMECR--		8,112.00	 	6,11,168.26
15 Apr 2023	15 Apr 2023	   by debit card-OTHPG 055880      SWIGGY GENIE          BANGALORE--		55.00	 	6,11,113.26
15 Apr 2023	15 Apr 2023	   BY TRANSFER-UPI/CR/347162026882/LEKHA RA/ICIC/lekha.ravi/UPI--	TRANSFER FROM 4897737162096	 	1,685.00	6,12,798.26
15 Apr 2023	15 Apr 2023	   TO TRANSFER-UPI/DR/310591242418/SUNIL FU/PUNB/sunilsnd15/UPI--	TRANSFER TO 4897695162091	1,150.00	 	6,11,648.26
15 Apr 2023	15 Apr 2023	   TO TRANSFER-UPI/DR/310507028684/ZEPTO/HDFC/zepto.payu/Upi Tran--	TRANSFER TO 4897695162091	277.00	 	6,11,371.26
15 Apr 2023	15 Apr 2023	   by debit card-OTHPG 755964      SWIGGY GO             BANGALORE--		135.00	 	6,11,236.26
15 Apr 2023	15 Apr 2023	   by debit card-OTHPG 356956      SWIGGY GO             BANGALORE--		135.00	 	6,11,101.26
15 Apr 2023	15 Apr 2023	   by debit card-OTHPG 400709      JIO Infocom           MUMBAI--		1,559.00	 	6,09,542.26
15 Apr 2023	15 Apr 2023	   BY TRANSFER-UPI/CR/347129440865/ISHITA D/ICIC/ishitashah/UPI--	TRANSFER FROM 4897737162096	 	120.00	6,09,662.26
16 Apr 2023	16 Apr 2023	   by debit card-OTHPG 144798      SWIGGY GO             BANGALORE--		95.00	 	6,09,567.26
16 Apr 2023	16 Apr 2023	   by debit card-OTHPG 453894      SWIGGY GO             BANGALORE--		55.00	 	6,09,512.26
16 Apr 2023	16 Apr 2023	   by debit card-OTHPG 973468      SWIGGY GO             BANGALORE--		55.00	 	6,09,457.26
16 Apr 2023	16 Apr 2023	   BY TRANSFER-UPI/CR/310689156964/KETKI RA/BARB/ketkikapoo/UPI--	TRANSFER FROM 4897738162095	 	350.00	6,09,807.26
16 Apr 2023	16 Apr 2023	   BY TRANSFER-UPI/CR/347236958847/JENIL SHAH/ICIC/jenil2992@/UPI--	TRANSFER FROM 4897738162095	 	200.00	6,10,007.26
16 Apr 2023	16 Apr 2023	   by debit card-OTHPG 516231      SWIGGY GO             BANGALORE--		135.00	 	6,09,872.26
16 Apr 2023	16 Apr 2023	   TO TRANSFER-UPI/DR/310609695780/flipkart/HDFC/flipkart.p/Upi T--	TRANSFER TO 4897690162095	227.00	 	6,09,645.26
17 Apr 2023	17 Apr 2023	   by debit card-OTHPG 711804      SWIGGY GO             BANGALORE--		55.00	 	6,09,590.26
17 Apr 2023	17 Apr 2023	   TO TRANSFER-UPI/DR/310750880622/SANJAY J/UTIB/sanjaysult/UPI--	TRANSFER TO 4897690162095	6,838.00	 	6,02,752.26
17 Apr 2023	17 Apr 2023	   TO TRANSFER-UPI/DR/347311402095/GEDDIT C/PYTM/paytm-6649/Oidge--	TRANSFER TO 4897690162095	359.00	 	6,02,393.26
17 Apr 2023	17 Apr 2023	   BY TRANSFER-UPI/CR/347399888517/MILAN AS/KKBK/technomila/Tiffi--	TRANSFER FROM 4897732162091	 	1,600.00	6,03,993.26
17 Apr 2023	17 Apr 2023	   by debit card-OTHPG 666516      SWIGGY GO             BANGALORE--		135.00	 	6,03,858.26
17 Apr 2023	17 Apr 2023	   by debit card-OTHPG 800866      JIO Infocom           MUMBAI--		470.82	 	6,03,387.44
18 Apr 2023	18 Apr 2023	   by debit card-OTHPG 462747      SWIGGY GO             BANGALORE--		55.00	 	6,03,332.44
18 Apr 2023	18 Apr 2023	   TO TRANSFER-UPI/DR/310882400991/NILESH P/BARB/nileshpanc/UPI--	TRANSFER TO 4897691162095	284.00	 	6,03,048.44
18 Apr 2023	18 Apr 2023	   by debit card-OTHPG 279866      SWIGGY GO             BANGALORE--		135.00	 	6,02,913.44
18 Apr 2023	18 Apr 2023	   by debit card-OTHPG 180402      SWIGGY GO             BANGALORE--		55.00	 	6,02,858.44
18 Apr 2023	18 Apr 2023	   TO TRANSFER-UPI/DR/310888494051/Kumar en/PYTM/paytmqr281/UPI--	TRANSFER TO 4897691162095	1,435.00	 	6,01,423.44
18 Apr 2023	18 Apr 2023	   TO TRANSFER-UPI/DR/310889154776/Mahavir /UTIB/gpay-11183/UPI--	TRANSFER TO 4897691162095	944.00	 	6,00,479.44
18 Apr 2023	18 Apr 2023	   TO TRANSFER-UPI/DR/310889388277/Mr SHATR/YESB/bharatpe90/Pay t--	TRANSFER TO 4897691162095	1,690.00	 	5,98,789.44
18 Apr 2023	18 Apr 2023	   TO TRANSFER-UPI/DR/310896447685/RAMASHAN/ICIC/ram.sukhi5/UPI--	TRANSFER TO 4897691162095	68.00	 	5,98,721.44
18 Apr 2023	18 Apr 2023	   by debit card-OTHPG 725222      SWIGGY GO             BANGALORE--		135.00	 	5,98,586.44
18 Apr 2023	18 Apr 2023	   BULK POSTING-     00000008232 150423 SWIGGY GO\NO 4 1 9THFL--		 	135.00	5,98,721.44
19 Apr 2023	19 Apr 2023	   by debit card-OTHPG 941032      SWIGGY GO             BANGALORE--		135.00	 	5,98,586.44
19 Apr 2023	19 Apr 2023	   by debit card-OTHPG 726188      SWIGGY GO             BANGALORE--		55.00	 	5,98,531.44
19 Apr 2023	19 Apr 2023	   BY TRANSFER-UPI/CR/347555542018/NEHAL NA/UBIN/nehalnandi/Nehal--	TRANSFER FROM 4897734162099	 	348.00	5,98,879.44
19 Apr 2023	19 Apr 2023	   by debit card-OTHPG 777879      SWIGGY GO             BANGALORE--		135.00	 	5,98,744.44
19 Apr 2023	19 Apr 2023	   BULK POSTING-     00000008232 160423 SWIGGY GO\NO 4 1 9THFL--		 	55.00	5,98,799.44
19 Apr 2023	19 Apr 2023	   by debit card-OTHPG 992241      SWIGGY GO             BANGALORE--		135.00	 	5,98,664.44
19 Apr 2023	19 Apr 2023	   TO TRANSFER-UPI/DR/310940747503/DHAVAL  /PUNB/mishtiship/UPI--	TRANSFER TO 4897692162094	5,000.00	 	5,93,664.44
19 Apr 2023	19 Apr 2023	   TO TRANSFER-UPI/DR/310940785340/BIREN JI/HDFC/biren.kamd/UPI--	TRANSFER TO 4897692162094	6,000.00	 	5,87,664.44
19 Apr 2023	19 Apr 2023	   TO TRANSFER-UPI/DR/310941830789/KAJAL ME/PUNB/doshimehul/UPI--	TRANSFER TO 4897693162093	2,565.00	 	5,85,099.44
20 Apr 2023	20 Apr 2023	TO CLEARING-ACB   CTS SUSPENCE A C--192580	192580	31,125.00	 	5,53,974.44
20 Apr 2023	20 Apr 2023	   BY TRANSFER-UPI/CR/311005581752/RAJESH S/HDFC/rsshah1957/UPI--	TRANSFER FROM 4897735162098	 	120.00	5,54,094.44
20 Apr 2023	20 Apr 2023	   BY TRANSFER-NEFT*ICIC0000104*CMS3247240902*Dunzo Refund Wk 16M--	TRANSFER FROM 4697187044302	 	230.00	5,54,324.44
20 Apr 2023	20 Apr 2023	   by debit card-OTHPG 506817      SWIGGY GO             BANGALORE--		135.00	 	5,54,189.44
20 Apr 2023	20 Apr 2023	   by debit card-OTHPG 355569      SWIGGY GENIE          BANGALORE--		55.00	 	5,54,134.44
20 Apr 2023	20 Apr 2023	   BY TRANSFER-UPI/CR/311080667426/DIVYESH /BARB/divumehta@/lunch--	TRANSFER FROM 4897735162098	 	190.00	5,54,324.44
20 Apr 2023	20 Apr 2023	   TO TRANSFER-UPI/DR/311059278421/KAMOD MA/PUNB/kamods702-/UPI--	TRANSFER TO 4897693162093	3,500.00	 	5,50,824.44
20 Apr 2023	20 Apr 2023	   by debit card-OTHPG 961111      SWIGGY GO             BANGALORE--		135.00	 	5,50,689.44
20 Apr 2023	20 Apr 2023	   by debit card-OTHPG 444704      SWIGGY GENIE          BANGALORE--		135.00	 	5,50,554.44
20 Apr 2023	20 Apr 2023	   by debit card-OTHPG 155848      SWIGGY GO             BANGALORE--		135.00	 	5,50,419.44
20 Apr 2023	20 Apr 2023	CHEQUE DEPOSIT- FD CLOSED BC PAID--25091	25091	 	2,98,764.00	8,49,183.44
20 Apr 2023	20 Apr 2023	   BY TRANSFER-UPI/CR/311026518011/KRISHNA /PYTM/ks210581@o/UPI--	TRANSFER FROM 4897736162097	 	130.00	8,49,313.44
20 Apr 2023	20 Apr 2023	   TO TRANSFER-UPI/DR/311077626487/KRISHNA /PYTM/ks210581@o/UPI--	TRANSFER TO 4897694162092	130.00	 	8,49,183.44
21 Apr 2023	21 Apr 2023	   by debit card-OTHPG 345803      SWIGGY GO             BANGALORE--		135.00	 	8,49,048.44
21 Apr 2023	21 Apr 2023	   by debit card-OTHPG 324150      SWIGGY GO             BANGALORE--		55.00	 	8,48,993.44
21 Apr 2023	21 Apr 2023	   by debit card-OTHPG 697005      SWIGGY GENIE          BANGALORE--		135.00	 	8,48,858.44
21 Apr 2023	21 Apr 2023	   BY TRANSFER-UPI/CR/311148965068/KAMLESH /HDFC/kamleshkde/Kamle--	TRANSFER FROM 4897736162097	 	280.00	8,49,138.44
22 Apr 2023	22 Apr 2023	   by debit card-OTHPG 859209      SWIGGY GENIE          BANGALORE--		55.00	 	8,49,083.44
22 Apr 2023	22 Apr 2023	   BY TRANSFER-UPI/CR/311215536701/DIVYESH /BARB/divumehta@/lunch--	TRANSFER FROM 4897737162096	 	190.00	8,49,273.44
22 Apr 2023	22 Apr 2023	   TO TRANSFER-UPI/DR/311226137180/billdesk/ICIC/billdesk.c/UPI--	TRANSFER TO 4897695162091	5,000.00	 	8,44,273.44
22 Apr 2023	22 Apr 2023	   TO TRANSFER-UPI/DR/311226196310/billdesk/ICIC/billdesk.c/UPI--	TRANSFER TO 4897695162091	25,000.00	 	8,19,273.44
22 Apr 2023	22 Apr 2023	   TO TRANSFER-UPI/DR/311232379957/Geddit C/ICIC/gedditzept/colle--	TRANSFER TO 4897695162091	221.00	 	8,19,052.44
22 Apr 2023	22 Apr 2023	   by debit card-OTHPG 501959      SWIGGY GO             BANGALORE--		135.00	 	8,18,917.44
22 Apr 2023	22 Apr 2023	   TO TRANSFER-UPI/DR/311241680698/KAMLESH /HDFC/kamleshkde/UPI--	TRANSFER TO 4897695162091	140.00	 	8,18,777.44
23 Apr 2023	23 Apr 2023	   by debit card-OTHPG 901609      SWIGGY GO             BANGALORE--		135.00	 	8,18,642.44
23 Apr 2023	23 Apr 2023	   TO TRANSFER-INB Krazybee--	1769209409IGAPMFUQS0               TRANSFER TO 489	3,882.26	 	8,14,760.18
23 Apr 2023	23 Apr 2023	   by debit card-OTHPG 847298      SWIGGY GO             BANGALORE--		135.00	 	8,14,625.18
23 Apr 2023	23 Apr 2023	   TO TRANSFER-UPI/DR/311373858889/Ansari C/UTIB/9867528660/UPI--	TRANSFER TO 4897696162090	1,000.00	 	8,13,625.18
23 Apr 2023	23 Apr 2023	   TO TRANSFER-UPI/DR/311375499817/Dominos /PYTM/paytm-5195/UPI--	TRANSFER TO 4897696162090	1,537.35	 	8,12,087.83
23 Apr 2023	23 Apr 2023	   TO TRANSFER-UPI/DR/311377638704/ANERAO H/PYTM/paytmqr281/UPI--	TRANSFER TO 4897696162090	130.00	 	8,11,957.83
24 Apr 2023	24 Apr 2023	   by debit card-OTHPG 321956      SWIGGY GO             BANGALORE--		55.00	 	8,11,902.83
24 Apr 2023	24 Apr 2023	   TO TRANSFER-UPI/DR/311491550967/SANJAY J/UTIB/sanjaysult/UPI--	TRANSFER TO 4897690162095	11,300.00	 	8,00,602.83
24 Apr 2023	24 Apr 2023	   TO TRANSFER-UPI/DR/311492484416/billdesk/ICIC/billdesk.c/UPI--	TRANSFER TO 4897690162095	23,002.00	 	7,77,600.83
24 Apr 2023	24 Apr 2023	   TO TRANSFER-UPI/DR/311425026868/ZEPTO/HDFC/zepto.payu/Upi Tran--	TRANSFER TO 4897690162095	247.00	 	7,77,353.83
24 Apr 2023	24 Apr 2023	   by debit card-OTHPG 778785      PYU*Airtel Payments   Delhi--		2,999.00	 	7,74,354.83
24 Apr 2023	24 Apr 2023	   BY TRANSFER-UPI/CR/348054016947/NAYANABE/BARB/nayanashah/UPI--	TRANSFER FROM 4897732162091	 	320.00	7,74,674.83
24 Apr 2023	24 Apr 2023	   by debit card-OTHPG 708916      SWIGGY GO             BANGALORE--		135.00	 	7,74,539.83
24 Apr 2023	24 Apr 2023	   by debit card-OTHPG 414742      DREAM 11              MUMBAI--		20.00	 	7,74,519.83
24 Apr 2023	24 Apr 2023	   BY TRANSFER-UPI/CR/311437685108/AMI P DO/ICIC/9892796969/UPI P--	TRANSFER FROM 4897732162091	 	220.00	7,74,739.83
24 Apr 2023	24 Apr 2023	   TO TRANSFER-UPI/DR/311411180683/Mr SHATR/CBIN/shatrughna/UPI--	TRANSFER TO 4897690162095	1,080.00	 	7,73,659.83
25 Apr 2023	25 Apr 2023	   by debit card-OTHPG 811233      DUNZO DIGITAL PRIVATE GURGAON--		40.00	 	7,73,619.83
25 Apr 2023	25 Apr 2023	   BY TRANSFER-UPI/CR/348187445554/DIVYESH /BARB/divumehta@/lunch--	TRANSFER FROM 4897733162090	 	190.00	7,73,809.83
25 Apr 2023	25 Apr 2023	   BULK POSTING-     00000008232 190423 SWIGGY GO\NO 4 1 9THFL--		 	135.00	7,73,944.83
25 Apr 2023	25 Apr 2023	   by debit card-OTHPG 966037      SWIGGY GO             BANGALORE--		135.00	 	7,73,809.83
25 Apr 2023	25 Apr 2023	   by debit card-OTHPG 867997      SWIGGY GO             BANGALORE--		135.00	 	7,73,674.83
25 Apr 2023	25 Apr 2023	   by debit card-OTHPG 772542      SWIGGY GO             BANGALORE--		55.00	 	7,73,619.83
26 Apr 2023	26 Apr 2023	   BY TRANSFER-UPI/CR/348205278440/NAYANABE/BARB/nayanashah/UPI--	TRANSFER FROM 4897734162099	 	200.00	7,73,819.83
26 Apr 2023	26 Apr 2023	   by debit card-OTHPG 765584      DUNZO DIGITAL PRIVATE GURGAON--		40.00	 	7,73,779.83
26 Apr 2023	26 Apr 2023	   BULK POSTING-     00000008232 200423 SWIGGY GO\NO 4 1 9THFL--		 	135.00	7,73,914.83
26 Apr 2023	26 Apr 2023	   BULK POSTING-     00000008232 200423 SWIGGY GENIE\NO 4 1 9T--		 	135.00	7,74,049.83
26 Apr 2023	26 Apr 2023	   BULK POSTING-     00000008232 200423 SWIGGY GO\NO 4 1 9THFL--		 	135.00	7,74,184.83
26 Apr 2023	26 Apr 2023	   by debit card-OTHPG 621072      DUNZO DIGITAL PRIVATE GURGAON--		98.00	 	7,74,086.83
27 Apr 2023	27 Apr 2023	   by debit card-OTHPG 978125      DUNZO DIGITAL PRIVATE GURGAON--		40.00	 	7,74,046.83
27 Apr 2023	27 Apr 2023	   by debit card-OTHPG 842048      DUNZO DIGITAL PRIVATE GURGAON--		98.00	 	7,73,948.83
28 Apr 2023	28 Apr 2023	   TO TRANSFER-UPI/DR/311822847315/NIKHIL C/INDB/nikhilchal/UPI--	TRANSFER TO 4897694162092	80.00	 	7,73,868.83
28 Apr 2023	28 Apr 2023	   by debit card-OTHPG 942886      DUNZO DIGITAL PRIVATE GURGAON--		70.00	 	7,73,798.83
28 Apr 2023	28 Apr 2023	   BY TRANSFER-UPI/CR/348406158497/ASHISH H/PYTM/ravitex@ok/thank--	TRANSFER FROM 4897736162097	 	1,460.00	7,75,258.83
28 Apr 2023	28 Apr 2023	   TO TRANSFER-UPI/DR/311835666021/AKHILESH/PYTM/paytmqr281/UPI--	TRANSFER TO 4897694162092	1,000.00	 	7,74,258.83
28 Apr 2023	28 Apr 2023	   TO TRANSFER-UPI/DR/311836640449/NAV JANT/UTIB/9820473690/UPI--	TRANSFER TO 4897694162092	10,000.00	 	7,64,258.83
28 Apr 2023	28 Apr 2023	   by debit card-OTHPG 711858      DUNZO DIGITAL PRIVATE GURGAON--		98.00	 	7,64,160.83
28 Apr 2023	28 Apr 2023	   BY TRANSFER-UPI/CR/311806267757/AKSHITA /BARB/bharatipar/UPI--	TRANSFER FROM 4897736162097	 	295.00	7,64,455.83
28 Apr 2023	28 Apr 2023	   BULK POSTING-     00000008232 230423 SWIGGY GO\NO 4 1 9THFL--		 	135.00	7,64,590.83
28 Apr 2023	28 Apr 2023	   TO TRANSFER-UPI/DR/311839022294/BIJAL PR/HDFC/timbadiabi/March--	TRANSFER TO 4897694162092	9,153.00	 	7,55,437.83
28 Apr 2023	28 Apr 2023	   BULK POSTING-     00000008232 250423 SWIGGY GO\NO 4 1 9THFL--		 	135.00	7,55,572.83
28 Apr 2023	28 Apr 2023	   TO TRANSFER-UPI/DR/311818828872/GANESH S/CNRB/2496424390/Pay t--	TRANSFER TO 4897694162092	293.00	 	7,55,279.83
28 Apr 2023	28 Apr 2023	   TO TRANSFER-UPI/DR/311842869604/NAV JANT/UTIB/9820473690/UPI--	TRANSFER TO 4897694162092	100.00	 	7,55,179.83
29 Apr 2023	29 Apr 2023	   TO TRANSFER-UPI/DR/311955316343/Kumar en/PYTM/paytmqr281/UPI--	TRANSFER TO 4897695162091	280.00	 	7,54,899.83
29 Apr 2023	29 Apr 2023	   by debit card-OTHPG 721887      DUNZO DIGITAL PRIVATE GURGAON--		98.00	 	7,54,801.83
29 Apr 2023	29 Apr 2023	   by debit card-OTHPG 380263      DUNZO DIGITAL PRIVATE GURGAON--		40.00	 	7,54,761.83
29 Apr 2023	29 Apr 2023	   by debit card-OTHPG 654314      DUNZO DIGITAL PRIVATE GURGAON--		98.00	 	7,54,663.83
29 Apr 2023	29 Apr 2023	   by debit card-OTHPG 659309      DUNZO DIGITAL PRIVATE GURGAON--		83.00	 	7,54,580.83
29 Apr 2023	29 Apr 2023	   BY TRANSFER-UPI/CR/311983495101/SUJA  KO/SBIN/dr.sujakos/UPI--	TRANSFER FROM 4897737162096	 	783.00	7,55,363.83
30 Apr 2023	30 Apr 2023	   TO TRANSFER-UPI/DR/312092388185/SHREEJAI/PYTM/paytmqr281/UPI--	TRANSFER TO 4897696162090	360.00	 	7,55,003.83
30 Apr 2023	30 Apr 2023	   TO TRANSFER-UPI/DR/312092422246/SHREEJAI/PYTM/paytmqr281/UPI--	TRANSFER TO 4897696162090	100.00	 	7,54,903.83
30 Apr 2023	30 Apr 2023	   TO TRANSFER-UPI/DR/312093627441/Mr SHATR/CBIN/shatrughna/UPI--	TRANSFER TO 4897696162090	2,060.00	 	7,52,843.83
30 Apr 2023	30 Apr 2023	   by debit card-OTHPG 661353      DUNZO DIGITAL PRIVATE GURGAON--		98.00	 	7,52,745.83
30 Apr 2023	30 Apr 2023	   by debit card-OTHPG 115421      DUNZO DIGITAL PRIVATE GURGAON--		98.00	 	7,52,647.83
30 Apr 2023	30 Apr 2023	   TO TRANSFER-UPI/DR/312012473126/GANESH S/CNRB/2496424390/Pay t--	TRANSFER TO 4897696162090	378.00	 	7,52,269.83
30 Apr 2023	30 Apr 2023	   TO TRANSFER-UPI/DR/312012501294/BRAHMBHA/SRCB/kiranbarot/UPI--	TRANSFER TO 4897696162090	2,500.00	 	7,49,769.83
1 May 2023	1 May 2023	   BY TRANSFER-UPI/CR/312120344605/DHAVAL  /PUNB/mishtiship/UPI--	TRANSFER FROM 4897732162091	 	700.00	7,50,469.83
1 May 2023	1 May 2023	   by debit card-OTHPG 459000      Vi                    Mumbai--		1,799.00	 	7,48,670.83
1 May 2023	1 May 2023	   by debit card-OTHPG 786634      DUNZO DIGITAL PRIVATE GURGAON--		40.00	 	7,48,630.83
1 May 2023	1 May 2023	   by debit card-OTHPG 488237      DUNZO DIGITAL PRIVATE GURGAON--		40.00	 	7,48,590.83
1 May 2023	1 May 2023	   DEBIT-ACHDr NACH00000000021717 NAVI FINSERV P--		2,747.00	 	7,45,843.83
1 May 2023	1 May 2023	   TO TRANSFER-UPI/DR/312133689094/SANJAY J/UTIB/sanjaysult/UPI--	TRANSFER TO 4897690162095	23,541.00	 	7,22,302.83
1 May 2023	1 May 2023	   by debit card-OTHPG 220486      DUNZO DIGITAL PRIVATE GURGAON--		98.00	 	7,22,204.83
1 May 2023	1 May 2023	   BY TRANSFER-UPI/CR/348752600822/DARSHAN /BARB/darshansha/tiffi--	TRANSFER FROM 4897732162091	 	180.00	7,22,384.83
1 May 2023	1 May 2023	   by debit card-OTHPG 622447      SWIGGY GO             BANGALORE--		135.00	 	7,22,249.83
1 May 2023	1 May 2023	   by debit card-OTHPG 763999      SWIGGY GO             BANGALORE--		135.00	 	7,22,114.83
1 May 2023	1 May 2023	   TO TRANSFER-UPI/DR/312153482962/AKHILESH/PYTM/paytmqr281/UPI--	TRANSFER TO 4897690162095	400.00	 	7,21,714.83
1 May 2023	1 May 2023	   TO TRANSFER-UPI/DR/312153545275/Getepay/ICIC/getepay.ss/UPI--	TRANSFER TO 4897690162095	100.00	 	7,21,614.83
1 May 2023	1 May 2023	   TO TRANSFER-UPI/DR/312153648831/NAV JANT/UTIB/9820473690/UPI--	TRANSFER TO 4897690162095	490.00	 	7,21,124.83
1 May 2023	1 May 2023	   TO TRANSFER-UPI/DR/312128695549/Geddit C/SBIN/gedditconv/Zepto--	TRANSFER TO 4897690162095	162.00	 	7,20,962.83
2 May 2023	2 May 2023	   TO TRANSFER-UPI/DR/312264881189/NIKHIL C/INDB/nikhilchal/UPI--	TRANSFER TO 4897691162095	86.00	 	7,20,876.83
2 May 2023	2 May 2023	   by debit card-OTHPG 283745      DUNZO DIGITAL PRIVATE GURGAON--		20.00	 	7,20,856.83
2 May 2023	2 May 2023	   by debit card-OTHPG 679284      DUNZO DIGITAL PRIVATE GURGAON--		20.00	 	7,20,836.83
2 May 2023	2 May 2023	   by debit card-OTHPG 381310      SWIGGY GO             BANGALORE--		55.00	 	7,20,781.83
2 May 2023	2 May 2023	   by debit card-OTHPG 702735      Blinkit               BHAGALPUR--		1,036.00	 	7,19,745.83
2 May 2023	2 May 2023	   TO TRANSFER-UPI/DR/312272226390/Kumar en/PYTM/paytmqr281/UPI--	TRANSFER TO 4897691162095	650.00	 	7,19,095.83
2 May 2023	2 May 2023	   TO TRANSFER-UPI/DR/312272436456/MANOJ GO/BKID/mprajapati/UPI--	TRANSFER TO 4897691162095	350.00	 	7,18,745.83
2 May 2023	2 May 2023	   by debit card-OTHPG 453141      DUNZO DIGITAL PRIVATE GURGAON--		20.00	 	7,18,725.83
2 May 2023	2 May 2023	   BY TRANSFER-UPI/CR/348842784809/Adesh Ch/SBIN/7506772458/Sent--	TRANSFER FROM 4897733162090	 	510.00	7,19,235.83
2 May 2023	2 May 2023	   BY TRANSFER-UPI/CR/312230538227/NEEL MIN/HDFC/mehtaneel1/B502--	TRANSFER FROM 4897733162090	 	620.00	7,19,855.83
3 May 2023	3 May 2023	   BY TRANSFER-UPI/CR/312341348280/KETKI RA/BARB/ketkikapoo/Full--	TRANSFER FROM 4897734162099	 	190.00	7,20,045.83
3 May 2023	3 May 2023	   by debit card-OTHPG 215127      DUNZO DIGITAL PRIVATE GURGAON--		62.00	 	7,19,983.83
3 May 2023	3 May 2023	   by debit card-OTHPG 945567      SWIGGY GO             BANGALORE--		55.00	 	7,19,928.83
3 May 2023	3 May 2023	   by debit card-OTHPG 573364      SWIGGY GO             BANGALORE--		135.00	 	7,19,793.83
3 May 2023	3 May 2023	CASH CHEQUE-DHAVAL--192581	192581	10,000.00	 	7,09,793.83
3 May 2023	3 May 2023	   BY TRANSFER-UPI/CR/312375684055/DIVYESH /BARB/divumehta@/lunch--	TRANSFER FROM 4897734162099	 	190.00	7,09,983.83
3 May 2023	3 May 2023	   TO TRANSFER-INB ICICI LOMBARD GIC LIMITED--	LlE8mRwEAS3jjPIGAPNNSXC8               TRANSFER TO	19,313.00	 	6,90,670.83
3 May 2023	3 May 2023	   TO TRANSFER-UPI/DR/312328301399/NANUBEN /PUNB/sureshshah/UPI--	TRANSFER TO 4897692162094	1,390.00	 	6,89,280.83
3 May 2023	3 May 2023	   TO TRANSFER-INB Indian Institute of Techn BILL_ININOFT Payment--	XSBI1133030912IGAPNOAXH5               TRANSFER TO	2,917.70	 	6,86,363.13
4 May 2023	4 May 2023	   TO TRANSFER-UPI/DR/349005903603/GEDDIT C/PYTM/paytm-6649/Oidge--	TRANSFER TO 4897693162093	205.00	 	6,86,158.13
4 May 2023	4 May 2023	   BY TRANSFER-UPI/CR/312455617566/KETKI RA/BARB/ketkikapoo/Tiffi--	TRANSFER FROM 4897735162098	 	160.00	6,86,318.13
4 May 2023	4 May 2023	   by debit card-OTHPG 101412      DUNZO DIGITAL PRIVATE GURGAON--		40.00	 	6,86,278.13
4 May 2023	4 May 2023	   BY TRANSFER-UPI/CR/349018730410/Adesh Ch/SBIN/7506772458/Sent--	TRANSFER FROM 4897735162098	 	560.00	6,86,838.13
4 May 2023	4 May 2023	   BY TRANSFER-UPI/CR/349098405654/SHASHANK/KKBK/sjshinde.s/dinne--	TRANSFER FROM 4897735162098	 	433.00	6,87,271.13
4 May 2023	4 May 2023	BY CLEARING / CHEQUE-PNB   400024057-384648 400002433--384648	384648	 	6,750.00	6,94,021.13
4 May 2023	4 May 2023	   BULK POSTING-     00000008232 010523 DUNZO DIGITAL PRIVATE\--		 	98.00	6,94,119.13
4 May 2023	4 May 2023	   BULK POSTING-     00000008232 010523 SWIGGY GO\NO 4 1 9THFL--		 	135.00	6,94,254.13
4 May 2023	4 May 2023	   BULK POSTING-     00000008232 020523 DUNZO DIGITAL PRIVATE\--		 	20.00	6,94,274.13
4 May 2023	4 May 2023	   by debit card-OTHPG 673140      Blinkit               BHAGALPUR--		226.00	 	6,94,048.13
5 May 2023	5 May 2023	   BY TRANSFER-UPI/CR/312572092102/KETKI RA/BARB/ketkikapoo/full--	TRANSFER FROM 4897736162097	 	190.00	6,94,238.13
5 May 2023	5 May 2023	   BY TRANSFER-UPI/CR/312598559900/RAJESH S/HDFC/rsshah1957/UPI--	TRANSFER FROM 4897736162097	 	960.00	6,95,198.13
5 May 2023	5 May 2023	   BY TRANSFER-UPI/CR/312594871904/DIVYESH /BARB/divumehta@/lunch--	TRANSFER FROM 4897736162097	 	190.00	6,95,388.13
6 May 2023	6 May 2023	   by debit card-OTHPG 533182      DREAM 11              MUMBAI--		23.00	 	6,95,365.13
6 May 2023	6 May 2023	   TO TRANSFER-UPI/DR/312627630843/MAHAVIR /MAHB/8169344584/UPI--	TRANSFER TO 4897695162091	1,725.00	 	6,93,640.13
7 May 2023	7 May 2023	   TO TRANSFER-UPI/DR/312755531259/ZEPTO/HDFC/gedditconv/home--	TRANSFER TO 4897696162090	221.00	 	6,93,419.13
8 May 2023	8 May 2023	   BY TRANSFER-UPI/CR/312886235043/YOGENDRA/BARB/sharmayogi/UPI--	TRANSFER FROM 4897732162091	 	840.00	6,94,259.13
8 May 2023	8 May 2023	CASH CHEQUE-AMT PAID TO DHAVAL KAMDAR--192582	192582	10,000.00	 	6,84,259.13
8 May 2023	8 May 2023	   TO TRANSFER-UPI/DR/312899546032/Mr SHATR/CBIN/shatrughna/UPI--	TRANSFER TO 4897690162095	1,835.00	 	6,82,424.13
9 May 2023	9 May 2023	   by debit card-OTHPG 856505      SWIGGY GO             BANGALORE--		135.00	 	6,82,289.13
9 May 2023	9 May 2023	   BY TRANSFER-UPI/CR/349599619332/DIVYESH /BARB/divumehta@/lunch--	TRANSFER FROM 4897733162090	 	190.00	6,82,479.13
9 May 2023	9 May 2023	   by debit card-OTHPG 220454      SWIGGY GO             BANGALORE--		135.00	 	6,82,344.13
10 May 2023	10 May 2023	   by debit card-OTHPG 628436      SWIGGY GO             BANGALORE--		135.00	 	6,82,209.13
10 May 2023	10 May 2023	   by debit card-OTHPG 138349      SWIGGY GO             BANGALORE--		55.00	 	6,82,154.13
10 May 2023	10 May 2023	   by debit card-OTHPG 546392      SWIGGY GENIE          BANGALORE--		55.00	 	6,82,099.13
10 May 2023	10 May 2023	   TO TRANSFER-UPI/DR/313063017794/zeptonow/HDFC/zeptonowca/home--	TRANSFER TO 4897692162094	221.00	 	6,81,878.13
11 May 2023	11 May 2023	   BY TRANSFER-UPI/CR/313194308698/HARSH PI/IBKL/harsh.kamd/Kruna--	TRANSFER FROM 4897735162098	 	1,820.00	6,83,698.13
11 May 2023	11 May 2023	   BULK POSTING-     00000008232 030523 DUNZO DIGITAL PRIVATE\--		 	62.00	6,83,760.13
11 May 2023	11 May 2023	   BY TRANSFER-UPI/CR/313195025481/DIVYESH /BARB/divumehta@/lunch--	TRANSFER FROM 4897735162098	 	190.00	6,83,950.13
11 May 2023	11 May 2023	   BY TRANSFER-UPI/CR/313169977105/REEMA KI/BARB/neerajdand/food--	TRANSFER FROM 4897735162098	 	140.00	6,84,090.13
11 May 2023	11 May 2023	   TO TRANSFER-UPI/DR/313115909320/Donakant/SBIN/posettydon/UPI--	TRANSFER TO 4897693162093	2,100.00	 	6,81,990.13
12 May 2023	12 May 2023	   BY TRANSFER-INB IMPS313212567703/9892265101/XX3316/foodbill--	MAD000301752237          MAD000301752237          	 	1,340.00	6,83,330.13
12 May 2023	12 May 2023	   BY TRANSFER-UPI/CR/313284879831/LATA SUN/KKBK/mrsbathija/UPI--	TRANSFER FROM 4897736162097	 	430.00	6,83,760.13
12 May 2023	12 May 2023	   TO TRANSFER-UPI/DR/313239015065/Kumar en/PYTM/paytmqr281/UPI--	TRANSFER TO 4897694162092	427.00	 	6,83,333.13
12 May 2023	12 May 2023	   TO TRANSFER-UPI/DR/313239399935/SHREEJAI/PYTM/paytmqr281/UPI--	TRANSFER TO 4897694162092	432.00	 	6,82,901.13
12 May 2023	12 May 2023	   by debit card-OTHPG 001312      SWIGGY GENIE          BANGALORE--		55.00	 	6,82,846.13
12 May 2023	12 May 2023	   BY TRANSFER-UPI/CR/313225661095/DIVYESH /BARB/divumehta@/lunch--	TRANSFER FROM 4897736162097	 	190.00	6,83,036.13
13 May 2023	13 May 2023	   by debit card-OTHPG 954334      Blinkit               BHAGALPUR--		364.00	 	6,82,672.13
13 May 2023	13 May 2023	   TO TRANSFER-UPI/DR/313360039636/KISHOR L/IOBA/rathodkish/UPI--	TRANSFER TO 4897695162091	90.00	 	6,82,582.13
13 May 2023	13 May 2023	   BY TRANSFER-UPI/CR/349984693602/DIVYESH /BARB/divumehta@/lunch--	TRANSFER FROM 4897737162096	 	190.00	6,82,772.13
14 May 2023	14 May 2023	   by debit card-OTHPG 405182      SWIGGY GENIE          BANGALORE--		55.00	 	6,82,717.13
14 May 2023	14 May 2023	   BY TRANSFER-UPI/CR/313433651660/POONAM M/HDFC/toliapoona/liqui--	TRANSFER FROM 4897738162095	 	280.00	6,82,997.13
14 May 2023	14 May 2023	   by debit card-OTHPG 691204      DREAM 11              MUMBAI--		41.00	 	6,82,956.13
15 May 2023	15 May 2023	   TO TRANSFER-UPI/DR/313528313412/NILESH P/BARB/nileshpanc/thapl--	TRANSFER TO 4897690162095	410.00	 	6,82,546.13
15 May 2023	15 May 2023	   TO TRANSFER-UPI/DR/313530373486/KISHOR L/IOBA/rathodkish/UPI--	TRANSFER TO 4897690162095	90.00	 	6,82,456.13
15 May 2023	15 May 2023	   DEBIT-ACHDr ICIC00261000001992 TP EMND HOMECR--		8,112.00	 	6,74,344.13
15 May 2023	15 May 2023	   TO TRANSFER-UPI/DR/313544502902/Razorpay/ICIC/rpy.qrdot3/Payme--	TRANSFER TO 4897690162095	752.00	 	6,73,592.13
15 May 2023	15 May 2023	   TO TRANSFER-UPI/DR/313546801012/Rubeena /SBIN/mullashahr/UPI--	TRANSFER TO 4897690162095	2,880.00	 	6,70,712.13
15 May 2023	15 May 2023	   TO TRANSFER-UPI/DR/350160940567/SWIGGYGE/YESB/swiggygeni/Debit--	TRANSFER TO 4897690162095	55.00	 	6,70,657.13
16 May 2023	16 May 2023	TO CLEARING-Chq No. 218464 HDF   HEENA SUNNY SIDDHU--218464	218464	10,000.00	 	6,60,657.13
16 May 2023	16 May 2023	   BY TRANSFER-UPI/CR/350210396343/DIVYESH /BARB/divumehta@/lunch--	TRANSFER FROM 4897733162090	 	190.00	6,60,847.13
16 May 2023	16 May 2023	   by debit card-OTHPG 312013      SWIGGY GO             BANGALORE--		55.00	 	6,60,792.13
16 May 2023	16 May 2023	   TO TRANSFER-UPI/DR/313673095371/KISHOR L/IOBA/rathodkish/UPI--	TRANSFER TO 4897691162095	150.00	 	6,60,642.13
16 May 2023	16 May 2023	   TO TRANSFER-UPI/DR/313673133534/Mr SHATR/CBIN/shatrughna/UPI--	TRANSFER TO 4897691162095	2,237.00	 	6,58,405.13
16 May 2023	16 May 2023	CASH CHEQUE-AMT PAID TO DHAVAL KAMDAR--192583	192583	15,000.00	 	6,43,405.13
16 May 2023	16 May 2023	   BY TRANSFER-UPI/CR/313692191290/VARSHA S/HDFC/varshanagr/test--	TRANSFER FROM 4897733162090	 	1.00	6,43,406.13
16 May 2023	16 May 2023	   BULK POSTING-     00000008232 140523 SWIGGY GENIE\NO 4 1 9T--		 	55.00	6,43,461.13
16 May 2023	16 May 2023	   BY TRANSFER-UPI/CR/350218728241/DIVYESH /BARB/divumehta@/lunch--	TRANSFER FROM 4897733162090	 	190.00	6,43,651.13
16 May 2023	16 May 2023	   TO TRANSFER-INB Indian Maritime Universit--	LqPRxoV2kBQVZvIGAPPDMOO4               TRANSFER TO	1,021.24	 	6,42,629.89

**This is a computer generated statement and does not require a signature

